<html lang="en" ng-app="userApp" class="wf-effra-n4-active wf-effraregularit-n4-active wf-effrasemiboldit-n4-active wf-active" style="--vh:7.28px; --header:163px; scroll-padding-top: 163px;"><head>
    <!-- Mobile viewport optimizations -->
    <meta name="HandheldFriendly" content="true">
    <meta name="viewport" content="width=device-width, initial-scale=1.0, maximum-scale=2.0, minimum-scale=1.0">
    <meta name="apple-mobile-web-app-capable" content="yes">
    <meta name="mobile-web-app-capable" content="yes">
    <meta name="format-detection" content="telephone=no">
    <meta name="keywords" content="home grocery delivery, home grocery shopping, grocery shopping from home, home grocery delivery service">
    <meta name="Classification" content="grocery, food, grocery shopping">
    
      
        <meta name="apple-itunes-app" content="app-id=423801622">
        <meta name="google-play-app" content="app-id=com.stopandshop.mobile.droid">
      
    
    <meta http-equiv="X-UA-Compatible" content="IE=edge">
    <meta charset="utf-8">

    
    
    
        <meta name="google-site-verification" content="NF4IJ18UZ0kzPHv2lpqwyPvcFApXDfNBO4H5nX1-jYI">
    
    
    
    

    
    

    
    
        <!-- Apple Icon -->
        <link rel="dns-prefetch" href="https://d.monetate.net"><link rel="dns-prefetch" href="https://sb.monetate.net"><script type="text/javascript" async="" src="https://www.google-analytics.com/plugins/ua/ec.js"></script><script type="text/javascript" async="" src="https://www.googletagmanager.com/gtag/destination?id=G-D8KRR9GMNW&amp;l=dataLayer&amp;cx=c"></script><script src="https://connect.facebook.net/signals/config/644428442669458?v=2.9.95&amp;r=stable" async=""></script><script async="" src="https://connect.facebook.net/en_US/fbevents.js"></script><script type="text/javascript" async="" src="https://bat.bing.com/bat.js"></script><script type="text/javascript" async="" src="https://www.googletagmanager.com/gtag/js?id=G-DR8TKL09RW&amp;l=dataLayer&amp;cx=c"></script><script type="text/javascript" async="" src="https://www.google-analytics.com/plugins/ua/linkid.js"></script><script type="text/javascript" async="" src="https://www.googletagmanager.com/gtm.js?id=GTM-PTR8VBJ&amp;l=dataLayer"></script><script type="text/javascript" async="" src="https://www.googletagmanager.com/gtm.js?id=GTM-KJX754W&amp;l=dataLayer"></script><script type="text/javascript" async="" src="https://www.googletagmanager.com/gtm.js?id=GTM-N4ZR4L2&amp;l=dataLayer"></script><script type="text/javascript" async="" src="https://www.google-analytics.com/analytics.js"></script><script async="" src="https://dd.stopandshop.com/tags.js"></script><script async="" src="//tag.elevaate.io/tag/retailer/peapod.com/elevaate-tag.js?gv=elevaateData"></script><script src="/cdn-cgi/apps/head/0bBd3eY_gVS3S8csjWXZ86cPyjA.js"></script><link rel="apple-touch-icon" sizes="57x57" href="/shop/images/favicon/stsh-apple-icon-57x57.png">
        <link rel="apple-touch-icon" sizes="60x60" href="/shop/images/favicon/stsh-apple-icon-60x60.png">
        <link rel="apple-touch-icon" sizes="72x72" href="/shop/images/favicon/stsh-apple-icon-72x72.png">
        <link rel="apple-touch-icon" sizes="76x76" href="/shop/images/favicon/stsh-apple-icon-76x76.png">
        <link rel="apple-touch-icon" sizes="114x114" href="/shop/images/favicon/stsh-apple-icon-114x114.png">
        <link rel="apple-touch-icon" sizes="120x120" href="/shop/images/favicon/stsh-apple-icon-120x120.png">
        <link rel="apple-touch-icon" sizes="144x144" href="/shop/images/favicon/stsh-apple-icon-144x144.png">
        <link rel="apple-touch-icon" sizes="152x152" href="/shop/images/favicon/stsh-apple-icon-152x152.png">
        <link rel="apple-touch-icon" sizes="180x180" href="/shop/images/favicon/stsh-apple-icon-180x180.png">
        <!-- Android Icon medium *1, high *1.5, x-high *2, xx-high *3, xxx-high *4-->
        <link rel="icon" type="image/png" sizes="16x16" href="/shop/images/favicon/stsh-favicon-16x16.png">
        <link rel="icon" type="image/png" sizes="24x24" href="/shop/images/favicon/stsh-favicon-24x24.png">
        <link rel="icon" type="image/png" sizes="32x32" href="/shop/images/favicon/stsh-favicon-32x32.png">
        <link rel="icon" type="image/png" sizes="48x48" href="/shop/images/favicon/stsh-favicon-48x48.png">
        <link rel="icon" type="image/png" sizes="64x64" href="/shop/images/favicon/stsh-favicon-64x64.png">
        <link rel="icon" type="image/png" sizes="96x96" href="/shop/images/favicon/stsh-favicon-96x96.png">  
        <link rel="icon" type="image/png" sizes="192x192" href="/shop/images/favicon/stsh-android-icon-192x192.png">
        <link rel="manifest" href="/shop/images/favicon/manifest-stsh.json">
        <!-- IE11 Browser Icon-->
        <meta name="msapplication-TileColor" content="#ffffff">
        <meta name="msapplication-TileImage" content="/shop/images/favicon/stsh-ms-icon-144x144.png">
        <meta name="msapplication-config" content="/shop/images/favicon/browserconfig-stsh.xml">
        <meta name="theme-color" content="#ffffff">
    

    


    

    <script type="text/plain" class="optanon-category-C0004" defer="" src="https://securepubads.g.doubleclick.net/tag/js/gpt.js"></script>
    <script async="" src="https://applepay.cdn-apple.com/jsapi/v1/apple-pay-sdk.js"></script>
    <script type="text/javascript">
        var appConfig = {
            superUserEnabled: false,
            apiKey: '340',
            orderStatusEtaBufferMinutes: 30,
            orderStatusLateMinutes: 30,
            orderStatusDepartureTimeHourOffset: 1,
            secureEnabled: true,
            optimizelyEnabled: true,
            sessionTrackingEnabled: true,
            optimizelyUrl: 'https://cdn.optimizely.com/js/8545500175.js',
            datadog: {
              rumEnabled: true,
              applicationId: 'f3f2c575-328d-49ad-9a14-34a39f6cb7d9',
              clientToken: 'pub59a7093f6c40469a3c5f496ea5bf74f9',
              service: 'Peapod Digital Labs',
              environment: 'production',
              sampleRate: 10,
              trackInteractions: true
            },
            productPrefs: {
                showRecommendations: true
            },
            routeLogging: true,
            modalLogging: true,
            eventLogging: true,
            exceptionLogging: true,
            bazaarVoice: {
                apiVersion: '5.4',
                pageSize: 10
            },
            cdnUrl: 'https://i5.peapod.com',
            opcoId: 'STSH',
            sessionTimeout: 900000,
            devicePushEnabled: true,
            defaultZip: null,
            defaultPickupLocation: null,
            timeOrdQy: 0
        },
        callbacks = {},
        resx = {},
        UserVoice = window.UserVoice || [],
        timeOrdQy = 0;

        appConfig.opcoTheme = 'STSH';
        var googletag = googletag || {};
        googletag.cmd = googletag.cmd || [];

        window.dataLayer = window.dataLayer || [];
        window.dataLayer.push({
            'event': 'gt-dataLayer-initialized',
            'pageCategory': 'landing',
            'userId': 1711948016,
            'userGuid': '6b035c2b-bfb2-4a96-a212-e35f1ad9869c',
            'userLoggedIn': !true,
            'zipCode': '06851',
            'state': 'CT',
            'city': 'Norwalk',
            'daysSinceLastOrder': 15746,
            'numberOfOrders': 0,
            'brand': 'STSH',
            'customerType': 'C',
            'orderStatus': 'WORKING',
            'basketId': "B1050748083"
        });
    </script>
    
        <script>
            /*<![CDATA[*/
            appConfig.featureFlags = {"featureAllSpecials":true,"featureAplus":true,"featureArticleSearch":true,"featureBrowseAislesCategoryPills":true,"featureCardAllocationV6":true,"featureCartBasketId":true,"featureCartSubstitutions":true,"featureCartSubstitutionToggle":false,"featureChatWithShopper":false,"featureCartXsell":true,"featureCategoryProductNewServices":true,"featureCatering":true,"featureConfirmRegistrationV3":true,"featureCouponHowTo":true,"featureCouponSearch":true,"featureCouponSearchFilter":false,"featureCoupons":true,"featureDeliverySubscriptionsV4":true,"featureDietaryPreferences":false,"featureEbt":true,"featureForgotPasswordV3":true,"featureForgotUsernameV3":true,"featureEbtOrderUpdate":true,"featureFillCart":true,"featureFireIslandFerryLocations":false,"featureGiftcards":true,"featureGraphqlCf2":true,"featureGraphqlRecall":false,"featureHomepageSimpleCarousel":true,"featureItemLevelComments":false,"featureJumpPointsDisableBackground":false,"featureKwmCarousel":true,"featureLogMicroservice":true,"featureLoyaltyCardV6":true,"featureLoyaltyRegistration":true,"featureLoyaltyRegistrationEmailV5":true,"featureMarketplace":false,"featureMiniCart":true,"featureMultipleCreditCards":true,"featureNativeLogin":false,"featureNativeVoiceToText":true,"featurePercentBasedTipping":false,"featurePharmacy":true,"featurePharmacySurvey":false,"featurePlpXsell":true,"featurePlpXsellLimit":false,"featurePodpassMOffer":false,"featurePodpassUOffer":false,"featureProductAvailabilityMessage":true,"featureProductRecall":true,"featureProductTileLoadableCoupon":true,"featureProfileV4":true,"featureProfileContactDeliveryV3":true,"featureRasaChatbot":true,"featureResetPasswordV3":true,"featureRewardsRedeemCart":true,"featureRewardsShopOffers":false,"featureRewardsZoneFuel":true,"featureRewardsFuelRewards":true,"featureRewardsNewBonusOffersNotification":true,"featureRewardsExpiringPointsNotification":true,"featureRewardsExpiringGasNotification":true,"featureRewardsExpiringGroceryNotification":true,"featureRewardsSimpleRedeem":false,"featureRewardsDonationsHistory":false,"featureRewards":true,"featureRewardsOverview":false,"featureSalesforceLiveChat":false,"featureSavings":true,"featureSavingsHistory":false,"featureSiteTransitionModal":false,"featureSlotCount":true,"featureSlotsHomepageRequest":true,"featureSlotPromotion":true,"featureExtraDeliveryPrefSync":true,"featureOrderStatus":true,"featureStoreLocator":true,"featureSubscriptionCustomer":true,"featureSubscriptionMerchant":false,"featureTypeAhead":true,"featureWeeklyAdCoupons":true,"featureWeeklyAdPricingInfo":true,"featureWeeklyAdShoppable":true,"featureWeeklyAdShoppingList":true,"featureWeeklyAd":true,"featureWeeklyAdTileFlag":false,"featureCouponsShoppingList":true,"featureDmtShoppingList":false,"featureWeeklyAdDeliveryContent":true,"featureContactFreeLevel":false,"featureDeliveryAvailable":true,"featurePickupAvailable":true,"featureCategorySearch":true,"featureDesignatedSlot":false,"featureLoyaltyDonations":true,"featureScanIt":true,"featurePostDeliveryTipping":true,"featureCmdmEnabled":true,"featureFilterByBrandOfferings":false,"featureCncLockersLive":true,"featureLockerExtraProductRestrictions":true,"featureLockerRestrictionsActive":true,"featureInstacartSeparateUserCreate":true,"featureInstacartCombinedUserCreate":true,"featureServiceLocationV5":true,"featureCmsV4":true,"featureUserAlertsV3":true,"featureUserDevicesV4":true,"featureUserInitV3":true,"featureUserPreferencesV3":true,"featureDisableReviews":false,"featureVirginiaConsumerDataProtectionAct":false,"featureUserStatusV3":true,"featureKiboEnabled":true,"featureSpecialOffersEnabled":false,"featureLogoutV3":true,"featureSuperuserLoginV4":true,"featureAutologinV3":true,"featureLoginV6":true,"featureDigitalReceipts":true,"featureAllowSlAutoLogin":true,"featureGetSlotsV6":true,"featureInstoreOrderHistory":false,"featureProductsApiForLastOrder":false,"featureRegistrationRecaptcha":true,"featureCommunicationsPromotionalEmails":false,"featureCommFormUpdate":true,"featureCitrusSponsoredAd":true,"featureCitrusBannerAd":true,"featureHomeHeroBanner":true};
            appConfig.user = {
                currentServiceLocationId: "50000433",
                userId: 1711948016,
                currentOrderId: "323146805",
                currentServiceType: "B",
                currentBasketId: "B1050748083"
            };
            /*]]>*/
        </script>
    
    <script>
        (function(w,d,s,u,p,a,h){w[p]=w[p]||[];w[p].push({event:'elevaate',
          start:new Date().getTime()});p='?gv='+encodeURIComponent(p);a=d.createElement(s);
          h=d.getElementsByTagName(s)[0];a.async=1;a.src=u+p;h.parentNode.insertBefore(a,h);
        })(window, document,'script','//tag.elevaate.io/tag/retailer/peapod.com/elevaate-tag.js','elevaateData');
    </script>
    
    
  
    
      <script>WebFontConfig = {
        custom: {
          families: ['Effra', 'Effra-RegularIt', 'Effra-SemiboldIt'],
          urls: ['/shop/dist/css/font_effra_9cede467a9f01efcf35fb0fbe2944f61f0fca9a7.css']
        }
      };</script>
    
    
  

    
    
        
          <link href="/shop/dist/stsh_9cede467a9f01efcf35fb0fbe2944f61f0fca9a7.css" rel="stylesheet">
        
        
        
        
        
        
        
        
    

    <script src="/shop/dist/js/project-newman-external_9cede467a9f01efcf35fb0fbe2944f61f0fca9a7.js" charset="utf-8"></script>
    <script src="/shop/dist/js/project-newman-user_9cede467a9f01efcf35fb0fbe2944f61f0fca9a7.js" charset="utf-8"></script><style id="apple-pay-btn-font-en-US">@font-face{font-family:apple-pay-btn-en-US;src:url(https://applepay.cdn-apple.com/jsapi/v1/assets/1.0.0/fonts/en-US.woff2) format("woff2"),url(https://applepay.cdn-apple.com/jsapi/v1/assets/1.0.0/fonts/en-US.woff) format("woff");font-display:block;}</style><script src="https://cdn.optimizely.com/js/8545500175.js" type="text/javascript" async="" id="undefined"></script>
    <link rel="stylesheet" href="/shop/dist/css/font_effra_9cede467a9f01efcf35fb0fbe2944f61f0fca9a7.css" media="all"><script src="/shop/dist/js/webfontloader.js" type="text/javascript"></script>
    <base href="/">
<script type="text/javascript" async="" src="https://www.googletagmanager.com/gtm.js?id=GTM-PN7ML7L"></script><title>Search Results | Stop &amp; Shop</title><meta http-equiv="origin-trial" content="A751Xsk4ZW3DVQ8WZng2Dk5s3YzAyqncTzgv+VaE6wavgTY0QHkDvUTET1o7HanhuJO8lgv1Vvc88Ij78W1FIAAAAAB7eyJvcmlnaW4iOiJodHRwczovL3d3dy5nb29nbGV0YWdtYW5hZ2VyLmNvbTo0NDMiLCJmZWF0dXJlIjoiUHJpdmFjeVNhbmRib3hBZHNBUElzIiwiZXhwaXJ5IjoxNjgwNjUyNzk5LCJpc1RoaXJkUGFydHkiOnRydWV9"><script type="text/javascript" async="" src="https://googleads.g.doubleclick.net/pagead/viewthroughconversion/787499836/?random=1676086232577&amp;cv=11&amp;fst=1676086232577&amp;bg=ffffff&amp;guid=ON&amp;async=1&amp;gtm=45He3280&amp;u_w=1440&amp;u_h=900&amp;hn=www.googleadservices.com&amp;frm=0&amp;url=https%3A%2F%2Fstopandshop.com%2Fproduct-search&amp;tiba=Search%20Results%20%7C%20Stop%20%26%20Shop&amp;auid=613524705.1673447452&amp;uaa=x86&amp;uab=64&amp;uafvl=Not_A%2520Brand%3B99.0.0.0%7CGoogle%2520Chrome%3B109.0.5414.119%7CChromium%3B109.0.5414.119&amp;uamb=0&amp;uap=macOS&amp;uapv=10.13.6&amp;uaw=0&amp;rfmt=3&amp;fmt=4"></script><meta http-equiv="origin-trial" content="A751Xsk4ZW3DVQ8WZng2Dk5s3YzAyqncTzgv+VaE6wavgTY0QHkDvUTET1o7HanhuJO8lgv1Vvc88Ij78W1FIAAAAAB7eyJvcmlnaW4iOiJodHRwczovL3d3dy5nb29nbGV0YWdtYW5hZ2VyLmNvbTo0NDMiLCJmZWF0dXJlIjoiUHJpdmFjeVNhbmRib3hBZHNBUElzIiwiZXhwaXJ5IjoxNjgwNjUyNzk5LCJpc1RoaXJkUGFydHkiOnRydWV9"><script src="https://bat.bing.com/p/action/17397085.js" type="text/javascript" async="" data-ueto="ueto_42d71d348b"></script><style id="monetatecss"></style><script type="text/javascript" src="https://d.monetate.net/trk/4/s/a-771f4814/p/www.stopandshop.com/1871346976-0?mr=t1663669415&amp;mi='2.815698665.1673447481309'&amp;cs=!t&amp;e=!(viewPage,gt)&amp;pt=product-search&amp;px=!('309371','221842','222690','207518','143906','245539','228096','306233','23976','231485','281446','280588','141152','136044','118609','118645','118633','118779','184149','118582','118798','118774','118781','118612','118622','199577','118611','6767','117913','156071','118789','118640','106691','175187','163208','57983','56409','151854','301921','129198')&amp;pc=!(search,omni,'',beverages,snacks,'adult+beverages',baby,produce,'bread+%26+bakery','soups+%26+canned+goods','deli+%26+prepared+food',meat)&amp;bc=!(product-search)&amp;r=''&amp;sw=1440&amp;sh=900&amp;sc=24&amp;j=!f&amp;u='https://stopandshop.com/product-search'&amp;fl=!f&amp;hvc=!t&amp;eoq=!t" charset="utf-8" async=""></script><script charset="utf-8" src="https://siteintercept.qualtrics.com/dxjsmodule/13.5e21898857f4389ff4e3.chunk.js?Q_CLIENTVERSION=1.84.0&amp;Q_CLIENTTYPE=web&amp;Q_BRANDID=stopandshop.com"></script><script charset="utf-8" src="https://siteintercept.qualtrics.com/dxjsmodule/13.5e21898857f4389ff4e3.chunk.js?Q_CLIENTVERSION=1.84.0&amp;Q_CLIENTTYPE=web&amp;Q_BRANDID=stopandshop.com"></script><script charset="utf-8" src="https://siteintercept.qualtrics.com/dxjsmodule/6.6e08dbc9e19a3929413c.chunk.js?Q_CLIENTVERSION=1.84.0&amp;Q_CLIENTTYPE=web&amp;Q_BRANDID=aholddelhaize"></script><script charset="utf-8" src="https://siteintercept.qualtrics.com/dxjsmodule/1.1f5c76280b1df4a7d118.chunk.js?Q_CLIENTVERSION=1.84.0&amp;Q_CLIENTTYPE=web&amp;Q_BRANDID=aholddelhaize"></script><script charset="utf-8" src="https://siteintercept.qualtrics.com/dxjsmodule/6.6e08dbc9e19a3929413c.chunk.js?Q_CLIENTVERSION=1.84.0&amp;Q_CLIENTTYPE=web&amp;Q_BRANDID=aholddelhaize"></script><script charset="utf-8" src="https://siteintercept.qualtrics.com/dxjsmodule/1.1f5c76280b1df4a7d118.chunk.js?Q_CLIENTVERSION=1.84.0&amp;Q_CLIENTTYPE=web&amp;Q_BRANDID=aholddelhaize"></script><script type="text/javascript" src="https://d.monetate.net/trk/4/s/a-771f4814/p/www.stopandshop.com/1871346976-1?mr=t1663669415&amp;mi='2.815698665.1673447481309'&amp;cs=!t&amp;e=!(viewPage,gt)&amp;pt=product-search&amp;px=!('309371','221842','222690','207518','143906','245539','228096','306233','23976','231485','281446','280588','141152','136044','118609','118645','118633','118779','184149','118582','118798','118774','118781','118612','118622','199577','118611','6767','117913','156071','118789','118640','106691','175187','163208','57983','56409','151854','301921','129198','121458','144676','39356','257304','118802','118796','305763','63105','298155','243049','136926','56394','118782','301915','56609','221642','118791','266246','56431','6833','216455','118635','64960','118620','57872','1182','117893','6751','162912','316498','158148','118792','121443','118909','51568','56402','202650','136946','297055','140163')&amp;pc=!(search,omni,'',beverages,snacks,'adult+beverages',baby,produce,'bread+%26+bakery','soups+%26+canned+goods','deli+%26+prepared+food',meat,seafood,dairy,'breakfast+%26+cereal','condiments+%26+sauces','laundry,+paper+%26+cleaning')&amp;bc=!(product-search)&amp;r=''&amp;sw=1440&amp;sh=900&amp;sc=24&amp;j=!f&amp;u='https://stopandshop.com/product-search%3Fsort%3DbestMatch%2Basc'&amp;fl=!f&amp;hvc=!t&amp;eoq=!t" charset="utf-8" async=""></script><script type="text/javascript" src="https://d.monetate.net/trk/4/s/a-771f4814/p/www.stopandshop.com/1871346976-2?mr=t1663669415&amp;mi='2.815698665.1673447481309'&amp;cs=!t&amp;e=!(viewPage,gt)&amp;pt=product-search&amp;px=!('309371','221842','222690','207518','143906','245539','228096','306233','23976','231485','281446','280588','141152','136044','118609','118645','118633','118779','184149','118582','118798','118774','118781','118612','118622','199577','118611','6767','117913','156071','118789','118640','106691','175187','163208','57983','56409','151854','301921','129198','121458','144676','39356','257304','118802','118796','305763','63105','298155','243049','136926','56394','118782','301915','56609','221642','118791','266246','56431','6833','216455','118635','64960','118620','57872','1182','117893','6751','162912','316498','158148','118792','121443','118909','51568','56402','202650','136946','297055','140163','178137','1797','118754','210616','125789','145637','124320','155128','25379','118588','212393','136055','118574','12399','1731','178116','180833','116544','143866','51257','192437','148457','190247','22661','281121','122663','279140','118608','106848','6739','81182','183951','136052','6831','8076','155304','301917','262512','118847','118752')&amp;pc=!(search,omni,'',beverages,snacks,'adult+beverages',baby,produce,'bread+%26+bakery','soups+%26+canned+goods','deli+%26+prepared+food',meat,seafood,dairy,'breakfast+%26+cereal','condiments+%26+sauces','laundry,+paper+%26+cleaning',frozen,'rice,+grains,+pasta+%26+beans')&amp;bc=!(product-search)&amp;r=''&amp;sw=1440&amp;sh=900&amp;sc=24&amp;j=!f&amp;u='https://stopandshop.com/product-search%3Fsort%3DbestMatch%2Basc'&amp;fl=!f&amp;hvc=!t&amp;eoq=!t" charset="utf-8" async=""></script><script type="text/javascript" src="https://d.monetate.net/trk/4/s/a-771f4814/p/www.stopandshop.com/1871346976-3?mr=t1663669415&amp;mi='2.815698665.1673447481309'&amp;cs=!t&amp;e=!(viewPage,gt)&amp;pt=product-search&amp;px=!('309371','221842','222690','207518','143906','245539','228096','306233','23976','231485','281446','280588','141152','136044','118609','118645','118633','118779','184149','118582','118798','118774','118781','118612','118622','199577','118611','6767','117913','156071','118789','118640','106691','175187','163208','57983','56409','151854','301921','129198','121458','144676','39356','257304','118802','118796','305763','63105','298155','243049','136926','56394','118782','301915','56609','221642','118791','266246','56431','6833','216455','118635','64960','118620','57872','1182','117893','6751','162912','316498','158148','118792','121443','118909','51568','56402','202650','136946','297055','140163','178137','1797','118754','210616','125789','145637','124320','155128','25379','118588','212393','136055','118574','12399','1731','178116','180833','116544','143866','51257','192437','148457','190247','22661','281121','122663','279140','118608','106848','6739','81182','183951','136052','6831','8076','155304','301917','262512','118847','118752','136124','3937','159322','226073','113291','301913','266278','100483','57607','17675','158627','153478','215235','217774','57406','56263','143020','24939','1180','210636','140805','162068','4243','128863','147679','118619','127110','151657','130736','18385','118793','311347','1179','3241','118646','58243','6770','107167','35923','276870')&amp;pc=!(search,omni,'',beverages,snacks,'adult+beverages',baby,produce,'bread+%26+bakery','soups+%26+canned+goods','deli+%26+prepared+food',meat,seafood,dairy,'breakfast+%26+cereal','condiments+%26+sauces','laundry,+paper+%26+cleaning',frozen,'rice,+grains,+pasta+%26+beans','baking+%26+cooking+needs')&amp;bc=!(product-search)&amp;r=''&amp;sw=1440&amp;sh=900&amp;sc=24&amp;j=!f&amp;u='https://stopandshop.com/product-search%3Fsort%3DbestMatch%2Basc'&amp;fl=!f&amp;hvc=!t&amp;eoq=!t" charset="utf-8" async=""></script><script type="text/javascript" src="https://d.monetate.net/trk/4/s/a-771f4814/p/www.stopandshop.com/1871346976-4?mr=t1663669415&amp;mi='2.815698665.1673447481309'&amp;cs=!t&amp;e=!(viewPage,gt)&amp;pt=product-search&amp;px=!('309371','221842','222690','207518','143906','245539','228096','306233','23976','231485','281446','280588','141152','136044','118609','118645','118633','118779','184149','118582','118798','118774','118781','118612','118622','199577','118611','6767','117913','156071','118789','118640','106691','175187','163208','57983','56409','151854','301921','129198','121458','144676','39356','257304','118802','118796','305763','63105','298155','243049','136926','56394','118782','301915','56609','221642','118791','266246','56431','6833','216455','118635','64960','118620','57872','1182','117893','6751','162912','316498','158148','118792','121443','118909','51568','56402','202650','136946','297055','140163','178137','1797','118754','210616','125789','145637','124320','155128','25379','118588','212393','136055','118574','12399','1731','178116','180833','116544','143866','51257','192437','148457','190247','22661','281121','122663','279140','118608','106848','6739','81182','183951','136052','6831','8076','155304','301917','262512','118847','118752','136124','3937','159322','226073','113291','301913','266278','100483','57607','17675','158627','153478','215235','217774','57406','56263','143020','24939','1180','210636','140805','162068','4243','128863','147679','118619','127110','151657','130736','18385','118793','311347','1179','3241','118646','58243','6770','107167','35923','276870','157911','18612','212387','118614','170534','2165','6486','143022','57766','118627','1247','56514','1865','62510','153648','12657','56664','110891','162136','118772','301907','3428','153134','151176','153647','126576','117427','6372','216799','202407','128170','164804','106692','279133','213019','224840','138037','269598','217697','8656')&amp;pc=!(search,omni,'',beverages,snacks,'adult+beverages',baby,produce,'bread+%26+bakery','soups+%26+canned+goods','deli+%26+prepared+food',meat,seafood,dairy,'breakfast+%26+cereal','condiments+%26+sauces','laundry,+paper+%26+cleaning',frozen,'rice,+grains,+pasta+%26+beans','baking+%26+cooking+needs')&amp;bc=!(product-search)&amp;r=''&amp;sw=1440&amp;sh=900&amp;sc=24&amp;j=!f&amp;u='https://stopandshop.com/product-search%3Fsort%3DbestMatch%2Basc'&amp;fl=!f&amp;hvc=!t&amp;eoq=!t" charset="utf-8" async=""></script><script type="text/javascript" src="https://d.monetate.net/trk/4/s/a-771f4814/p/www.stopandshop.com/1871346976-5?mr=t1663669415&amp;mi='2.815698665.1673447481309'&amp;cs=!t&amp;e=!(viewPage,gt)&amp;pt=product-search&amp;px=!('309371','221842','222690','207518','143906','245539','228096','306233','23976','231485','281446','280588','141152','136044','118609','118645','118633','118779','184149','118582','118798','118774','118781','118612','118622','199577','118611','6767','117913','156071','118789','118640','106691','175187','163208','57983','56409','151854','301921','129198','121458','144676','39356','257304','118802','118796','305763','63105','298155','243049','136926','56394','118782','301915','56609','221642','118791','266246','56431','6833','216455','118635','64960','118620','57872','1182','117893','6751','162912','316498','158148','118792','121443','118909','51568','56402','202650','136946','297055','140163','178137','1797','118754','210616','125789','145637','124320','155128','25379','118588','212393','136055','118574','12399','1731','178116','180833','116544','143866','51257','192437','148457','190247','22661','281121','122663','279140','118608','106848','6739','81182','183951','136052','6831','8076','155304','301917','262512','118847','118752','136124','3937','159322','226073','113291','301913','266278','100483','57607','17675','158627','153478','215235','217774','57406','56263','143020','24939','1180','210636','140805','162068','4243','128863','147679','118619','127110','151657','130736','18385','118793','311347','1179','3241','118646','58243','6770','107167','35923','276870','157911','18612','212387','118614','170534','2165','6486','143022','57766','118627','1247','56514','1865','62510','153648','12657','56664','110891','162136','118772','301907','3428','153134','151176','153647','126576','117427','6372','216799','202407','128170','164804','106692','279133','213019','224840','138037','269598','217697','8656','8728','200882','156678','51264','190685','9661','194890','135681','138039','226290','110892','215727','301908','139323','64936','140213','100478','157925','322394','14329','270787','210920','174692','238635','100484','871','155496','2661','141586','157468','129367','195182','92759','172375','87844','7078','285449','22494','56820','106206')&amp;pc=!(search,omni,'',beverages,snacks,'adult+beverages',baby,produce,'bread+%26+bakery','soups+%26+canned+goods','deli+%26+prepared+food',meat,seafood,dairy,'breakfast+%26+cereal','condiments+%26+sauces','laundry,+paper+%26+cleaning',frozen,'rice,+grains,+pasta+%26+beans','baking+%26+cooking+needs')&amp;bc=!(product-search)&amp;r=''&amp;sw=1440&amp;sh=900&amp;sc=24&amp;j=!f&amp;u='https://stopandshop.com/product-search%3Fsort%3DbestMatch%2Basc'&amp;fl=!f&amp;hvc=!t&amp;eoq=!t" charset="utf-8" async=""></script></head><apple-pay-merchandising-modal theme="auto"></apple-pay-merchandising-modal>
<body style="padding-top: 163px;" class="vsc-initialized scroll-down-browse-aisles"><script>!function(a,b,c,d,e,f){a.ddjskey=e;a.ddoptions=f||null;var m=b.createElement(c),n=b.getElementsByTagName(c)[0];m.async=1,m.src=d,n.parentNode.insertBefore(m,n)}(window,document,"script","https://dd.stopandshop.com/tags.js","6F06B864D19E80A2E0F4C48238C7FD", {"ajaxListenerPath":true,"endpoint":"https://dd.stopandshop.com/js/"});</script>
    
    


    
    <!-- BEGIN Google Tag Manager noscript -->
    <noscript>
        <iframe
            title=""
            src="https://www.googletagmanager.com/ns.html?id=GTM-PN7ML7L"
            height="0"
            width="0"
            style="display:none;visibility:hidden">
        </iframe>
    </noscript>
    <!-- END Google Tag Manager noscript -->

    <div id="app" tabindex="-1" class="outline-0"><div class="alert"><!----><!----></div> <a id="skip-nav" href="#" class="skip-nav">
    Skip to Main Content
  </a> <!----> <div is-mobile="true"><div class="global-header-base"><!----> <header class="global-header global-header-mobile"><nav aria-label="Main" class="global-header_nav global-header_nav--main spyglass-nav-group_wrapper"><!----> <!----> <button id="menu-button" aria-label="Menu" aria-haspopup="true" class="menu-button hidden-above-1200"><div class="menu-button_icon"><svg xmlns="http://www.w3.org/2000/svg" aria-label="menu" viewBox="0 0 38 32" role="presentation" aria-hidden="true" focusable="false" class=""><title lang="en">menu</title><desc></desc><g fill="" stroke=""><path d="M37.38 30.82H0v-4h37.38zm0-13.42H0v-4h37.38zm0-13.42H0V0h37.38z" fill="#001919"></path></g></svg></div></button> <div class="global-header_logo-container flex"><!----> <a id="brand-logo_link" href="#" aria-label="Home" class=""><div class="vector-icon-sns-logo"><svg xmlns="http://www.w3.org/2000/svg" aria-label="Stop and Shop Logo" viewBox="0 0 170 32" role="presentation" aria-hidden="true" focusable="false" class=""><title lang="en">Stop and Shop Logo</title><desc></desc><g fill="" stroke=""><g><g><path fill="#e7004c" d="M13.399 9.376a6.166 6.166 0 1 1-12.332 0 6.166 6.166 0 0 1 12.332 0z"></path> <path fill="#86c300" d="M13.399 23.321a6.166 6.166 0 1 1-12.332 0 6.166 6.166 0 0 1 12.332 0z"></path> <path fill="#636569" d="m16.284 20.907 2.018-2.41c1.308 1.027 2.727 1.569 4.241 1.569.99 0 1.513-.336 1.513-.897v-.037c0-.56-.427-.841-2.223-1.27-2.784-.635-4.932-1.42-4.932-4.091v-.037c0-2.429 1.92-4.186 5.062-4.186 2.224 0 3.962.598 5.381 1.738l-1.813 2.56c-1.196-.86-2.503-1.29-3.662-1.29-.878 0-1.308.355-1.308.841v.044c0 .598.448.86 2.279 1.27 2.987.654 4.857 1.626 4.857 4.073v.037c0 2.672-2.111 4.259-5.286 4.259-2.316-.003-4.501-.732-6.127-2.173zM33.004 12.951H28.8V9.774h12.053v3.177h-4.225v9.901h-3.627zM41.63 16.352v-.032c0-3.756 3.026-6.801 7.061-6.801s7.024 3.008 7.024 6.763v.038c0 3.755-3.026 6.8-7.061 6.8s-7.024-3.013-7.024-6.768zm10.368 0v-.032c0-1.906-1.345-3.532-3.344-3.532s-3.321 1.601-3.321 3.488v.044c0 1.886 1.364 3.53 3.362 3.53 1.977-.01 3.302-1.61 3.302-3.498zM57.571 9.775h5.623c3.289 0 5.418 1.7 5.418 4.577v.037c0 3.102-2.372 4.727-5.604 4.727h-1.813v3.733h-3.627zm5.362 6.507c1.27 0 2.074-.691 2.074-1.718v-.037c0-1.121-.803-1.7-2.093-1.7h-1.718v3.456zM82.505 20.907l2.018-2.41c1.308 1.027 2.727 1.569 4.241 1.569.99 0 1.513-.336 1.513-.897v-.037c0-.56-.427-.841-2.223-1.27-2.784-.635-4.932-1.42-4.932-4.091v-.037c0-2.429 1.92-4.186 5.062-4.186 2.224 0 3.962.598 5.381 1.738l-1.813 2.56c-1.196-.86-2.503-1.29-3.662-1.29-.878 0-1.308.355-1.308.841v.044c0 .598.448.86 2.279 1.27 2.987.654 4.857 1.626 4.857 4.073v.037c0 2.672-2.111 4.259-5.286 4.259-2.316-.003-4.501-.732-6.127-2.173zM95.954 9.775h3.627v4.895h4.206V9.775h3.627v13.077h-3.627v-4.969h-4.203v4.969h-3.627zM109.356 16.352v-.032c0-3.756 3.026-6.801 7.061-6.801s7.025 3.008 7.025 6.763v.038c0 3.755-3.027 6.8-7.061 6.8s-7.025-3.013-7.025-6.768zm10.368 0v-.032c0-1.906-1.345-3.532-3.343-3.532s-3.326 1.606-3.326 3.493v.038c0 1.886 1.363 3.53 3.362 3.53 1.983-.01 3.307-1.61 3.307-3.498zM125.298 9.775h5.622c3.289 0 5.418 1.7 5.418 4.577v.037c0 3.102-2.372 4.727-5.604 4.727h-1.813v3.733h-3.627zm5.361 6.507c1.27 0 2.074-.691 2.074-1.718v-.037c0-1.121-.803-1.7-2.092-1.7h-1.719v3.456zM78.426 22.852l-.986-.986a4.151 4.151 0 0 1-1.255.912l-.025.011a4.64 4.64 0 0 1-1.944.42l-.073-.001h.004-.012a6.133 6.133 0 0 1-1.596-.21l.043.01a4.274 4.274 0 0 1-1.387-.695l.011.008a3.504 3.504 0 0 1-.934-1.095l-.009-.018a2.906 2.906 0 0 1-.359-1.408l.001-.079v.004-.031c0-.377.074-.737.208-1.067l-.007.019c.136-.336.318-.625.543-.875l-.002.003c.229-.254.489-.475.775-.658l.015-.009c.259-.171.559-.339.872-.486l.045-.019a4.418 4.418 0 0 1-.828-1.117l-.011-.024a2.934 2.934 0 0 1-.32-1.343v-.046.002c0-.533.081-.994.3-1.374.216-.375.499-.687.835-.93l.009-.006c.332-.237.72-.42 1.138-.528l.024-.005a5.024 5.024 0 0 1 1.271-.166h.001c.46 0 .906.064 1.328.184l-.034-.008c.435.118.815.305 1.149.55l-.01-.007c.33.258.598.578.79.944l.008.016c.193.368.307.805.307 1.268l-.001.072v-.004l.001.082c0 .341-.061.668-.173.97l.006-.019a2.695 2.695 0 0 1-.5.815l.002-.003c-.224.267-.47.502-.741.708l-.011.008a5.19 5.19 0 0 1-.757.481l-.029.014 1.285 1.28 1.082-1.589h3.018l-2.432 3.266 2.859 2.759zm-4.601-4.703a2.375 2.375 0 0 0-.778.515 1.221 1.221 0 0 0-.376.957v-.003a.992.992 0 0 0 .121.538l-.003-.005c.093.18.215.333.361.458l.002.002a1.6 1.6 0 0 0 .491.285l.011.003c.144.051.31.081.483.081l.053-.001h-.003a1.753 1.753 0 0 0 .915-.224l-.009.005c.273-.141.501-.334.678-.568l.004-.005zm2.034-3.972v-.026a1.007 1.007 0 0 0-1.07-1.005h.003-.025c-.287 0-.548.112-.741.295h.001a.986.986 0 0 0-.283.693l.002.057v-.003c.003.268.082.517.217.727l-.003-.006c.162.285.364.527.601.729l.004.003c.356-.144.661-.342.921-.588l-.001.001c.232-.214.377-.519.377-.858v-.019.001z"></path></g> <!----> <!----> <!----> <!----> <!----> <!----></g></g></svg></div></a></div> <!----> <div class="global-header_dropdown-container"><ul aria-label="Main" class="global-header_list visible-above-1200"><li class="nav-item global-header_nav-item"><button id="nav-browse-aisles" rel="" aria-haspopup="menu" class="nav-item_button">
  Browse Aisles
  <!----> <div class="nav-item_caret"><div class="vector-icon-size--medium vector-icon-stroke--prime"><svg xmlns="http://www.w3.org/2000/svg" aria-label="down arrow" viewBox="0 0 32 32" role="presentation" aria-hidden="true" focusable="false" class=""><title lang="en">down arrow</title><desc></desc><g fill="" stroke=""><path fill="none" stroke-width="3" d="m24.97 12-8.484 8.486L8 12"></path></g></svg></div></div> <div class="nav-item_caret" style="display: none;"><div class="vector-icon-size--medium vector-icon-stroke--prime"><svg xmlns="http://www.w3.org/2000/svg" aria-label="down up" viewBox="0 0 32 32" role="presentation" aria-hidden="true" focusable="false" class=""><title lang="en">down up</title><desc></desc><g fill="" stroke=""><path fill="none" d="M8 20.486 16.485 12l8.486 8.486"></path></g></svg></div></div></button> <!----> </li> <li class="nav-item global-header_nav-item"><button id="nav-my-shop" rel="" aria-haspopup="menu" class="nav-item_button">
  My Shop
  <!----> <div class="nav-item_caret"><div class="vector-icon-size--medium vector-icon-stroke--prime"><svg xmlns="http://www.w3.org/2000/svg" aria-label="down arrow" viewBox="0 0 32 32" role="presentation" aria-hidden="true" focusable="false" class=""><title lang="en">down arrow</title><desc></desc><g fill="" stroke=""><path fill="none" stroke-width="3" d="m24.97 12-8.484 8.486L8 12"></path></g></svg></div></div> <div class="nav-item_caret" style="display: none;"><div class="vector-icon-size--medium vector-icon-stroke--prime"><svg xmlns="http://www.w3.org/2000/svg" aria-label="down up" viewBox="0 0 32 32" role="presentation" aria-hidden="true" focusable="false" class=""><title lang="en">down up</title><desc></desc><g fill="" stroke=""><path fill="none" d="M8 20.486 16.485 12l8.486 8.486"></path></g></svg></div></div></button> <!----> </li></ul> <!----></div> <div class="global-header_resizable-section"><div class="global-header_search"><form action="#" tabindex="-1" class="typeahead-container typeahead-container--small"><div id="typeahead-container_input" class="typeahead-container_input spyglass-nav-group_wrapper"><div class="typeahead-container_input-field"><div class=""><div class="input-wrapper"><div class="vector-icon-size--small typeahead-container_input-search-icon search-icon"><svg xmlns="http://www.w3.org/2000/svg" aria-label="Search" viewBox="0 0 28 28" role="presentation" aria-hidden="true" focusable="false" class=""><title lang="en">Search</title><desc></desc><g fill="" stroke=""><g><circle fill="none" cx="13.88" cy="13.66" r="9.28"></circle> <line x1="25.85" y1="25.63" x2="20.77" y2="20.54"></line></g></g></svg></div> <input id="typeahead-search-input" type="search" autocomplete="off" aria-label="Search" spellcheck="false" autocorrect="off" autocapitalize="off" aria-expanded="false" class="search-input" aria-describedby="searchDescription"> <!----> <!----> <!----> <!----> <!----> <!----> <div id="searchDescription" class="sr-only">
            When results are available, use the up and down keys to review and the enter key to select.
          </div></div> <!----></div> <aside><!----> <!----></aside></div> <!----> <!----></div></form></div></div> <div class="global-header_account-container spyglass-nav-group_wrapper"><button id="header-account-button" aria-haspopup="true" class="min-w-[10rem] p-4 text-sm font-bold leading-none flex-col items-center hidden lg:flex"><div class="w-8 mb-2 pt-2"><div class=""><svg xmlns="http://www.w3.org/2000/svg" aria-label="My Account Icon" viewBox="0 0 32 32" role="presentation" aria-hidden="true" focusable="false" class="w-8 h-8"><title lang="en">My Account Icon</title><desc></desc><g fill="" stroke=""><path fill="#9b9b9b" d="M30.405 32.145h-30.109l0.145-1.6c0.582-7.709 7.127-13.818 14.982-13.818s14.4 6.109 14.982 13.964v1.455zM3.496 29.236h23.709c-1.164-5.527-6.109-9.745-11.782-9.745s-10.764 4.218-11.927 9.745zM15.423 16c-4.364 0-8-3.636-8-8s3.636-8 8-8c4.364 0 8 3.636 8 8s-3.636 8-8 8zM15.423 2.909c-2.764 0-5.091 2.327-5.091 5.091s2.327 5.091 5.091 5.091c2.764 0 5.091-2.327 5.091-5.091s-2.327-5.091-5.091-5.091z"></path></g></svg></div></div>
  Sign In
</button> <!----> <!----></div> <button aria-label="Cart Subtotal $0.00" class="btn btn--primary cart-btn global-header_cart-button-container btn--small" cart-amount="0"><div class="cart-button-content"><!----> <div class="cart-button-content_text">
        $0.00
      </div> <div class="cart-button-content_icon"><svg xmlns="http://www.w3.org/2000/svg" aria-label="cart" viewBox="0 0 36.58 32" role="presentation" aria-hidden="true" focusable="false" class=""><title lang="en">cart</title><desc></desc><g fill="white" stroke=""><g><path d="M6.92,29.71a2.29,2.29,0,1,0,2.29-2.29A2.29,2.29,0,0,0,6.92,29.71Zm20.57,0a2.29,2.29,0,1,0,2.29-2.29A2.29,2.29,0,0,0,27.5,29.71ZM0,1.14A1.14,1.14,0,0,0,1.14,2.29H3.52L4.94,8.36l2,9.93a2.11,2.11,0,0,0,.05.24L5.81,23.75a1.1,1.1,0,0,0,0,.25,1.14,1.14,0,0,0,1.14,1.14H32.85a1.14,1.14,0,1,0,0-2.29H8.35l.52-2.35.33.07H30l.35,0a2.37,2.37,0,0,0,2.28-1.72l3.72-11.4a2,2,0,0,0,.2-.88,2,2,0,0,0-2-2H6.92a2.18,2.18,0,0,0-.52.11L5.53.88A1.15,1.15,0,0,0,4.42,0H1.14A1.14,1.14,0,0,0,0,1.14ZM7,6.86H34.18l-3.65,11.2a2,2,0,0,1-.11.23H9.21v-.23l0-.22Z" transform="translate(0 0)"></path></g></g></svg></div></div></button></nav></header> <!----> <div class="global-header-base_scroll-section" style="transform: translateY(-110px);"><!----> <div tabindex="-1"><div class="title-bar"><div class="title-bar_left"><!----> <div class="title-bar_view-options"><button aria-label="list view" class="title-bar_view-button title-bar_view-button--grid-active"><div class="vector-icon-size--small flex-center"><svg xmlns="http://www.w3.org/2000/svg" aria-label="List View Icon" viewBox="0 0 32 32" role="presentation" aria-hidden="true" focusable="false" class="svg-icon icon-fill--reverse"><title lang="en">List View Icon</title><desc></desc><g fill="" stroke=""><path d="M12.444 17.778h28.444c1.067 0 1.778-.711 1.778-1.778s-.711-1.778-1.778-1.778H12.444c-1.067 0-1.778.711-1.778 1.778s.711 1.778 1.778 1.778zm0-14.222h28.444c1.067 0 1.778-.711 1.778-1.778S41.955 0 40.888 0H12.444c-1.067 0-1.778.711-1.778 1.778s.711 1.778 1.778 1.778zm0 28.444h28.444c1.067 0 1.778-.711 1.778-1.778s-.711-1.778-1.778-1.778H12.444c-1.067 0-1.778.711-1.778 1.778S11.377 32 12.444 32zM0 1.778c0 1.067.711 1.778 1.778 1.778s1.778-.711 1.778-1.778S2.845 0 1.778 0 0 .711 0 1.778zM0 16c0 1.067.711 1.778 1.778 1.778S3.556 17.067 3.556 16s-.711-1.778-1.778-1.778S0 14.933 0 16zm0 14.222C0 31.289.711 32 1.778 32s1.778-.711 1.778-1.778-.711-1.778-1.778-1.778S0 29.155 0 30.222z"></path></g></svg></div></button> <button disabled="disabled" aria-label="grid view" class="title-bar_view-button"><div class="vector-icon-size--small flex-center"><svg xmlns="http://www.w3.org/2000/svg" aria-label="Grid View Icon" viewBox="0 0 32 32" role="presentation" aria-hidden="true" focusable="false" class="svg-icon icon-fill--reverse"><title lang="en">Grid View Icon</title><desc></desc><g fill="" stroke=""><path d="M2.667 13.333h8a2.667 2.667 0 0 0 2.667-2.667v-8a2.667 2.667 0 0 0-2.667-2.667h-8A2.667 2.667 0 0 0 0 2.666v8a2.667 2.667 0 0 0 2.667 2.667zm18.666 0h8A2.667 2.667 0 0 0 32 10.666v-8a2.667 2.667 0 0 0-2.667-2.667h-8a2.667 2.667 0 0 0-2.667 2.667v8a2.667 2.667 0 0 0 2.667 2.667zM0 29.333A2.667 2.667 0 0 0 2.667 32h8a2.667 2.667 0 0 0 2.667-2.667v-8a2.667 2.667 0 0 0-2.667-2.667h-8A2.667 2.667 0 0 0 0 21.333v8zm18.667 0A2.667 2.667 0 0 0 21.334 32h8a2.667 2.667 0 0 0 2.667-2.667v-8a2.667 2.667 0 0 0-2.667-2.667h-8a2.667 2.667 0 0 0-2.667 2.667v8z"></path></g></svg></div></button></div></div> <h1 class="title-bar_text">
    Search Results
  </h1> <div class="title-bar_right"><!----> <!----></div></div></div> <!----> <!----> <!----></div></div> <!----> <!----></div> <div><!----> <!----></div> <div tabindex="-1" class="pdl-page clearfix"><div><div class="product-view product-view-search"><div><div class="container--full-width" is-mobile="true"><div class="tabs-wrapper" data-optly-668943c27962455783c85c1d7428c391="" style="display: none;"><ul role="tablist" class="tablist container--full-width"><li id="product-search-tab" role="tab" aria-controls="product-search-panel" tabindex="0" class="tab tab--utility is-active container--full-width"> Products </li><li id="article-search-tab" role="tab" aria-controls="article-search-panel" tabindex="-1" class="tab tab--utility container--full-width"> Articles </li><li id="savings-search-tab" role="tab" aria-controls="savings-search-panel" tabindex="-1" class="tab tab--utility container--full-width"> Savings </li></ul></div></div> <div class="tabs-details"><div id="product-search-panel" aria-labelledby="product-search-tab" role="tabpanel"><div class="search-shelf-header_container"> <!----> <div class="relative-el spyglass-nav-group_wrapper"><div class="flex justify-center my-12"><div class="cursor-pointer"><img src="https://ahold.flavedo.io./citrus/Pg1Z_AGWfLUZY4d49YTWivIn550WRvLlnxST-KEArFw=" alt="Advertisement for Ajinomoto. HEAT. EAT. REPEAT. MEAL ACCOMPLISHED. STOP&amp;SHOP. Delivery &amp; Pickup. Shop Now" class="bg-cover bg-center"></div></div> <!----></div> <!----> <div class="product-view product-view-search"><div class="product-search-result"><!----> <!----> <div><div><div class="sort-filter_container"><!----> <div class="sort-filter_container--block w-full"><!----> <div class="sort-filter_flex-center items-center w-full"><div class="sort-filter_flex-center--margin w-1/2 grow"><button aria-label="Filter Options" aria-haspopup="dialog" class="button button--darkest-grey w-full"><div class="sort-filter_modal-button">
              All Filters
              <!----></div></button></div> <div class="sort-filter_sort grow pr-0"><label for="product-search-sort-by-select" class="sr-only">
            Sort by
          </label> <div class="z-0"><!----><div class="select select--full-width"><select id="product-search-sort-by-select" class="select_select z-0 select_select--light"><!----><option class="select_option" value="bestMatch asc"> Best Match </option><option class="select_option" value="itemsPurchased desc, name asc"> Most Popular </option><option class="select_option" value="price asc, name asc"> Price: Low to High </option><option class="select_option" value="price desc, name asc"> Price: High to Low </option><option class="select_option" value="category asc, name asc"> Aisle: A-Z </option></select><div class="select_caret vector-icon-size--medium"><svg xmlns="http://www.w3.org/2000/svg" aria-label="Show select" viewBox="0 0 32 32" role="presentation" aria-hidden="true" focusable="false" class="vector-icon-stroke--prime"><title lang="en">Show select</title><desc></desc><g fill="" stroke=""><path fill="none" stroke-width="3" d="m24.97 12-8.484 8.486L8 12"></path></g></svg></div></div><!----></div></div></div></div></div> <div class="sort-filter_text-container sort-filter_summary sort-filter_summary--padding"><div><!----> <div class="sort-filter_summary-result"><span><span class="sort-filter_summary-text">27101</span>
        items
      </span></div></div></div></div> <!----> <!----></div> <!----> <!----> <!----> <div><h2 class="sr-only">
          Product List
        </h2> <ul class="content-behind product-list product-list-mobile"><!----> <!----> <!----> <!----> <!----> <li tabindex="-1" data-product-id="309371" class="slot mobile-product-list-cell"><!----> <!----> <!----> <!----> <div class="mobile-product-list-cell_content"><div><!----> <div class="flag_outer-container"><div class=""><svg xmlns="http://www.w3.org/2000/svg" aria-label="Sale" viewBox="0 0 32 32" role="presentation" aria-hidden="true" focusable="false" class="w-20 ml-3"><title lang="en">Sale</title><desc></desc><g fill="" stroke=""><g><path d="M16.56 19.87a3.81 3.81 0 0 1-1-.13l-13.39-3.5a1.5 1.5 0 0 1-1.12-1.34l-.81-11a1.52 1.52 0 0 1 1.39-1.61l27.69-2h.11a1.51 1.51 0 0 1 1.5 1.4l.82 11a1.52 1.52 0 0 1-.91 1.5l-12.72 5.36a3.79 3.79 0 0 1-1.56.32Z" fill="#ed1256"></path><path fill="#fff" d="M29.43.48a1.26 1.26 0 0 1 1.26 1.17l.82 11a1.27 1.27 0 0 1-.76 1.26L18 19.34a3.72 3.72 0 0 1-1.47.3 3.79 3.79 0 0 1-.94-.12L2.24 16a1.27 1.27 0 0 1-1-1.13l-.81-11a1.26 1.26 0 0 1 1.22-1.33L29.34.48h.09m0-.48h-.13L1.62 2A1.76 1.76 0 0 0 0 3.92l.82 11a1.73 1.73 0 0 0 1.3 1.55L15.5 20a4.3 4.3 0 0 0 1.07.14 4.24 4.24 0 0 0 1.65-.34l12.72-5.44A1.76 1.76 0 0 0 32 12.59l-.82-11A1.76 1.76 0 0 0 29.43 0Z"></path><path fill="#fff" d="M3.74 9.87a3 3 0 0 0 .82.55 2.21 2.21 0 0 0 1.08.19 1.6 1.6 0 0 0 .29 0 1 1 0 0 0 .26-.12.58.58 0 0 0 .18-.2.62.62 0 0 0 0-.31.59.59 0 0 0-.32-.49 3.38 3.38 0 0 0-.85-.34L4.84 9a4.19 4.19 0 0 1-.69-.26 2.44 2.44 0 0 1-.63-.41 1.92 1.92 0 0 1-.7-1.42 2.68 2.68 0 0 1 .1-1A2.2 2.2 0 0 1 3.39 5a2.42 2.42 0 0 1 .82-.6 3.15 3.15 0 0 1 1.17-.28 3.68 3.68 0 0 1 1.72.24 3 3 0 0 1 .57.29A2.66 2.66 0 0 1 8 5l-.82 1.37a4.42 4.42 0 0 0-.82-.45 2 2 0 0 0-.85-.13 1.4 1.4 0 0 0-.28.06A.9.9 0 0 0 5 6a.62.62 0 0 0-.16.2.5.5 0 0 0 0 .28.6.6 0 0 0 .1.31.68.68 0 0 0 .24.2 1.27 1.27 0 0 0 .35.15l.43.13.35.09a7.49 7.49 0 0 1 .69.22 2.2 2.2 0 0 1 .72.42 2.46 2.46 0 0 1 .54.68 2.31 2.31 0 0 1 .27 1 2.15 2.15 0 0 1-.15 1 2.53 2.53 0 0 1-.56.84 2.77 2.77 0 0 1-.88.59 4 4 0 0 1-1.11.27A4.67 4.67 0 0 1 4 12.25a3.79 3.79 0 0 1-1.28-.75ZM11.29 3.89l2.17-.16 3.1 7.7-2 .15L14 10l-2.39.18-.35 1.67-2 .14Zm2.15 4.6-1-2.84-.61 2.95ZM17 3.47l1.89-.14.44 6 3.3-.25.16 1.92-5.19.39ZM23.36 3l5.13-.38.13 1.8-3.24.24.09 1.22 2.66-.2.12 1.7-2.65.2.09 1.35 3.46-.26.13 1.81-5.34.4Z"></path></g></g></svg></div> <!----> <!----> <!----></div></div> <div class="mobile-product-list-cell_left"><div><!----> <img src="data:image/svg+xml;base64,PD94bWwgdmVyc2lvbj0iMS4wIiBlbmNvZGluZz0idXRmLTgiPz4KPCEtLSBHZW5lcmF0ZWQgYnkgSWNvTW9vbi5pbyAtLT4KPCFET0NUWVBFIHN2ZyBQVUJMSUMgIi0vL1czQy8vRFREIFNWRyAxLjEvL0VOIiAiaHR0cDovL3d3dy53My5vcmcvR3JhcGhpY3MvU1ZHLzEuMS9EVEQvc3ZnMTEuZHRkIj4KPHN2ZyB2ZXJzaW9uPSIxLjEiIHhtbG5zPSJodHRwOi8vd3d3LnczLm9yZy8yMDAwL3N2ZyIgeG1sbnM6eGxpbms9Imh0dHA6Ly93d3cudzMub3JnLzE5OTkveGxpbmsiIHdpZHRoPSI0OCIgaGVpZ2h0PSI0OCIgdmlld0JveD0iMCAwIDQ4IDQ4Ij4KPGcgaWQ9Imljb21vb24taWdub3JlIj4KCTxsaW5lIHN0cm9rZS13aWR0aD0iMSIgeDE9IiIgeTE9IiIgeDI9IiIgeTI9IiIgc3Ryb2tlPSIjNDQ5RkRCIiBvcGFjaXR5PSIiPjwvbGluZT4KPC9nPgoJPHBhdGggZD0iTTM4LjQ4IDkuMDcwYzAuMjQ4IDAgMC40NSAwLjIwMiAwLjQ1IDAuNDV2MjguOTU5YzAgMC4yNDgtMC4yMDIgMC40NS0wLjQ1IDAuNDVoLTI4Ljk1OWMtMC4yNDggMC0wLjQ1LTAuMjAyLTAuNDUtMC40NXYtMjguOTU5YzAtMC4yNDggMC4yMDItMC40NSAwLjQ1LTAuNDVoMjguOTU5ek0zOC40OCA4aC0yOC45NTljLTAuODQgMC0xLjUyIDAuNjgxLTEuNTIgMS41MjF2MjguOTU5YzAgMC44NCAwLjY4MSAxLjUyMSAxLjUyIDEuNTIxaDI4Ljk1OWMwLjg0IDAgMS41Mi0wLjY4MSAxLjUyLTEuNTIxdi0yOC45NTljMC0wLjg0LTAuNjgxLTEuNTIxLTEuNTItMS41MjF2MHoiIG9wYWNpdHk9IjEiIHZpc2liaWxpdHk9ImZhbHNlIiBmaWxsPSIjZDdkN2Q3Ij48L3BhdGg+Cgk8cGF0aCBkPSJNMTIuMjI4IDM1LjIyNHYtMy4zMjljMC0wLjE0NSAwLjA1OC0wLjI4NSAwLjE2LTAuMzg4bDUuNTg3LTUuNTg3YzAuMjE0LTAuMjE0IDAuNTYxLTAuMjE0IDAuNzc1IDBsMi4xMTkgMi4xMTljMC4yMTQgMC4yMTQgMC41NjEgMC4yMTQgMC43NzUgMGw4LjE5MS04LjE5MmMwLjIxNC0wLjIxNCAwLjU2MS0wLjIxNCAwLjc3NSAwbDUgNWMwLjEwMyAwLjEwMyAwLjE2IDAuMjQyIDAuMTYgMC4zODh2OS45ODhjMCAwLjMwMy0wLjI0NSAwLjU0OC0wLjU0OCAwLjU0OGgtMjIuNDQ3Yy0wLjMwMyAwLTAuNTQ4LTAuMjQ1LTAuNTQ4LTAuNTQ4eiIgb3BhY2l0eT0iMSIgdmlzaWJpbGl0eT0iZmFsc2UiIGZpbGw9IiNkN2Q3ZDciPjwvcGF0aD4KCTxwYXRoIGQ9Ik0yMS41NDQgMTcuOTY3YzAgMS45ODItMS42MDYgMy41ODgtMy41ODggMy41ODhzLTMuNTg4LTEuNjA2LTMuNTg4LTMuNTg4YzAtMS45ODEgMS42MDYtMy41ODggMy41ODgtMy41ODhzMy41ODggMS42MDYgMy41ODggMy41ODh6IiBvcGFjaXR5PSIxIiB2aXNpYmlsaXR5PSJmYWxzZSIgZmlsbD0iI2Q3ZDdkNyI+PC9wYXRoPgo8L3N2Zz4K" alt="Starbucks Pike Place Medium Roast Coffee (Whole Bean)" skeleton-box-size="9rem" class="product-grid-image object-contain"></div></div> <div class="mobile-product-list-cell_info"><div class="product-tile_detail"><div class="skeleton-loader_wrapper cursor-pointer"><div class="product-grid-cell_price-container product-grid-cell_price-container_column product-grid-cell_price-container--mobile"><span class="product-grid-cell_main-price product-grid-cell_main-price--on-sale"><span class="sr-only">
      Sale Price
    </span>
    $13.99
  </span> <div class="product-grid-cell_was-container"><span class="product-grid-cell_regular-price product-grid-cell_regular-price--small"><span class="sr-only">
        Original Price
      </span>
      $14.99
    </span></div></div> <!----></div> <!----></div> <div class="mobile-product-list-cell_name-content"><div class="skeleton-loader_wrapper"><div class="product-grid-cell_name"><a id="product-name-309371-16760862336376475" href="#" data-opens-modal="true" aria-haspopup="dialog" class="product-grid-cell_name-text product-grid-cell_name-text--clamp-2"><!---->
    Starbucks Pike Place Medium Roast Coffee (Whole Bean)
  </a></div> <!----> <!----></div> <div class="skeleton-loader_wrapper"><div class="product-grid-cell_sizes"><span class="product-grid-cell_size">
    18 OZ BAG
  </span> <span aria-hidden="true">
    |
  </span> <!----> <span class="product-grid-cell_unit">
    $0.78 / OZ
  </span></div> <!----></div> <!----> <!----> <!----> <!----> <!----> <!----> <!----></div> <div class="mobile-product-list-cell_bottom"><div class="mobile-product-list-cell_bottom_cart-ui-wrapper"><!----> <!----> <div class="pdl-add-to-cart"><div class="pdl-add-to-cart_button"><button aria-label="Add to cart" data-product-id="309371" data-price="13.99" class="button button--add-to-cart add-sale">
      Add to cart
      <!----></button> <!----> <!----> <!----></div> <!----></div></div> <!----></div></div></div> <div class="product-tile_action-items"><!----> <!----> <div class="shopping-list-menu_container"><div class="relative-el"><button aria-label="add to shopping list" class="button pdl-product-detail_top-icon button--fourth pdl-product-detail_top-icon--borderless"><!----> <div class="vector-icon-size--large"><svg xmlns="http://www.w3.org/2000/svg" aria-label="Shopping List Icon Add" viewBox="0 0 32 32" role="presentation" aria-hidden="true" focusable="false" class="vector-icon-color--dark-grey"><title lang="en">Shopping List Icon Add</title><desc></desc><g fill="" stroke=""><g><path d="M21.94066,15.3368884 L21.94066,12.8931995 C21.94066,12.3409148 22.3883752,11.8931995 22.94066,11.8931995 C23.4929447,11.8931995 23.94066,12.3409148 23.94066,12.8931995 L23.94066,15.3368884 L26.2522624,15.3368884 C26.8045471,15.3368884 27.2522624,15.7846037 27.2522624,16.3368884 C27.2522624,16.8891732 26.8045471,17.3368884 26.2522624,17.3368884 L23.94066,17.3368884 L23.94066,19.8787952 C23.94066,20.43108 23.4929447,20.8787952 22.94066,20.8787952 C22.3883752,20.8787952 21.94066,20.43108 21.94066,19.8787952 L21.94066,17.3368884 L19.2666667,17.3368884 C18.7143819,17.3368884 18.2666667,16.8891732 18.2666667,16.3368884 C18.2666667,15.7846037 18.7143819,15.3368884 19.2666667,15.3368884 L21.94066,15.3368884 Z M8,12 C7.44771525,12 7,11.5522847 7,11 C7,10.4477153 7.44771525,10 8,10 L19.1153581,10 C19.6676429,10 20.1153581,10.4477153 20.1153581,11 C20.1153581,11.5522847 19.6676429,12 19.1153581,12 L8,12 Z M8,17.3368884 C7.44771525,17.3368884 7,16.8891732 7,16.3368884 C7,15.7846037 7.44771525,15.3368884 8,15.3368884 L14.7200696,15.3368884 C15.2723543,15.3368884 15.7200696,15.7846037 15.7200696,16.3368884 C15.7200696,16.8891732 15.2723543,17.3368884 14.7200696,17.3368884 L8,17.3368884 Z M8,23 C7.44771525,23 7,22.5522847 7,22 C7,21.4477153 7.44771525,21 8,21 L19.1153581,21 C19.6676429,21 20.1153581,21.4477153 20.1153581,22 C20.1153581,22.5522847 19.6676429,23 19.1153581,23 L8,23 Z" fill="#000000" fill-rule="nonzero"></path></g></g></svg></div> <div class="pdl-product-detail_list-tooltip"><p>Add item to shopping list</p> <em></em></div></button></div></div></div> <!----></li> <!----><!----> <!----> <!----> <!----> <li tabindex="-1" data-product-id="221842" class="slot mobile-product-list-cell"><!----> <!----> <!----> <!----> <div class="mobile-product-list-cell_content"><div><div class="flag_outer-container"><span class="flag_label--sponsored flag_label flag_label--carrot"> Sponsored </span></div> <!----></div> <div class="mobile-product-list-cell_left"><div><!----> <img src="data:image/svg+xml;base64,PD94bWwgdmVyc2lvbj0iMS4wIiBlbmNvZGluZz0idXRmLTgiPz4KPCEtLSBHZW5lcmF0ZWQgYnkgSWNvTW9vbi5pbyAtLT4KPCFET0NUWVBFIHN2ZyBQVUJMSUMgIi0vL1czQy8vRFREIFNWRyAxLjEvL0VOIiAiaHR0cDovL3d3dy53My5vcmcvR3JhcGhpY3MvU1ZHLzEuMS9EVEQvc3ZnMTEuZHRkIj4KPHN2ZyB2ZXJzaW9uPSIxLjEiIHhtbG5zPSJodHRwOi8vd3d3LnczLm9yZy8yMDAwL3N2ZyIgeG1sbnM6eGxpbms9Imh0dHA6Ly93d3cudzMub3JnLzE5OTkveGxpbmsiIHdpZHRoPSI0OCIgaGVpZ2h0PSI0OCIgdmlld0JveD0iMCAwIDQ4IDQ4Ij4KPGcgaWQ9Imljb21vb24taWdub3JlIj4KCTxsaW5lIHN0cm9rZS13aWR0aD0iMSIgeDE9IiIgeTE9IiIgeDI9IiIgeTI9IiIgc3Ryb2tlPSIjNDQ5RkRCIiBvcGFjaXR5PSIiPjwvbGluZT4KPC9nPgoJPHBhdGggZD0iTTM4LjQ4IDkuMDcwYzAuMjQ4IDAgMC40NSAwLjIwMiAwLjQ1IDAuNDV2MjguOTU5YzAgMC4yNDgtMC4yMDIgMC40NS0wLjQ1IDAuNDVoLTI4Ljk1OWMtMC4yNDggMC0wLjQ1LTAuMjAyLTAuNDUtMC40NXYtMjguOTU5YzAtMC4yNDggMC4yMDItMC40NSAwLjQ1LTAuNDVoMjguOTU5ek0zOC40OCA4aC0yOC45NTljLTAuODQgMC0xLjUyIDAuNjgxLTEuNTIgMS41MjF2MjguOTU5YzAgMC44NCAwLjY4MSAxLjUyMSAxLjUyIDEuNTIxaDI4Ljk1OWMwLjg0IDAgMS41Mi0wLjY4MSAxLjUyLTEuNTIxdi0yOC45NTljMC0wLjg0LTAuNjgxLTEuNTIxLTEuNTItMS41MjF2MHoiIG9wYWNpdHk9IjEiIHZpc2liaWxpdHk9ImZhbHNlIiBmaWxsPSIjZDdkN2Q3Ij48L3BhdGg+Cgk8cGF0aCBkPSJNMTIuMjI4IDM1LjIyNHYtMy4zMjljMC0wLjE0NSAwLjA1OC0wLjI4NSAwLjE2LTAuMzg4bDUuNTg3LTUuNTg3YzAuMjE0LTAuMjE0IDAuNTYxLTAuMjE0IDAuNzc1IDBsMi4xMTkgMi4xMTljMC4yMTQgMC4yMTQgMC41NjEgMC4yMTQgMC43NzUgMGw4LjE5MS04LjE5MmMwLjIxNC0wLjIxNCAwLjU2MS0wLjIxNCAwLjc3NSAwbDUgNWMwLjEwMyAwLjEwMyAwLjE2IDAuMjQyIDAuMTYgMC4zODh2OS45ODhjMCAwLjMwMy0wLjI0NSAwLjU0OC0wLjU0OCAwLjU0OGgtMjIuNDQ3Yy0wLjMwMyAwLTAuNTQ4LTAuMjQ1LTAuNTQ4LTAuNTQ4eiIgb3BhY2l0eT0iMSIgdmlzaWJpbGl0eT0iZmFsc2UiIGZpbGw9IiNkN2Q3ZDciPjwvcGF0aD4KCTxwYXRoIGQ9Ik0yMS41NDQgMTcuOTY3YzAgMS45ODItMS42MDYgMy41ODgtMy41ODggMy41ODhzLTMuNTg4LTEuNjA2LTMuNTg4LTMuNTg4YzAtMS45ODEgMS42MDYtMy41ODggMy41ODgtMy41ODhzMy41ODggMS42MDYgMy41ODggMy41ODh6IiBvcGFjaXR5PSIxIiB2aXNpYmlsaXR5PSJmYWxzZSIgZmlsbD0iI2Q3ZDdkNyI+PC9wYXRoPgo8L3N2Zz4K" alt="Tate's Bake Shop Cookies Chocolate Chip Gluten Free" skeleton-box-size="9rem" class="product-grid-image object-contain"></div></div> <div class="mobile-product-list-cell_info"><div class="product-tile_detail"><div class="skeleton-loader_wrapper cursor-pointer"><div class="product-grid-cell_price-container product-grid-cell_price-container_column product-grid-cell_price-container--mobile"><span class="product-grid-cell_main-price product-grid-cell_main-price--on-sale"><span class="sr-only">
      Sale Price
    </span>
    $4.99
  </span> <div class="product-grid-cell_was-container"><span class="product-grid-cell_regular-price product-grid-cell_regular-price--small"><span class="sr-only">
        Original Price
      </span>
      $6.29
    </span></div></div> <!----></div> <!----></div> <div class="mobile-product-list-cell_name-content"><div class="skeleton-loader_wrapper"><div class="product-grid-cell_name"><a id="product-name-221842-16760862336443395" href="#" data-opens-modal="true" aria-haspopup="dialog" class="product-grid-cell_name-text product-grid-cell_name-text--clamp-2"><!---->
    Tate's Bake Shop Cookies Chocolate Chip Gluten Free
  </a></div> <!----> <!----></div> <div class="skeleton-loader_wrapper"><div class="product-grid-cell_sizes"><span class="product-grid-cell_size">
    7 OZ PKG
  </span> <span aria-hidden="true">
    |
  </span> <!----> <span class="product-grid-cell_unit">
    $0.71 / OZ
  </span></div> <!----></div> <!----> <!----> <!----> <!----> <!----> <!----> <!----></div> <div class="mobile-product-list-cell_bottom"><div class="mobile-product-list-cell_bottom_cart-ui-wrapper"><!----> <!----> <div class="pdl-add-to-cart"><div class="pdl-add-to-cart_button"><button aria-label="Add to cart" data-product-id="221842" data-price="4.99" class="button button--add-to-cart add-sale add-sponsored">
      Add to cart
      <!----></button> <!----> <!----> <!----></div> <!----></div></div> <!----></div></div></div> <div class="product-tile_action-items"><!----> <!----> <div class="shopping-list-menu_container"><div class="relative-el"><button aria-label="add to shopping list" class="button pdl-product-detail_top-icon button--fourth pdl-product-detail_top-icon--borderless"><!----> <div class="vector-icon-size--large"><svg xmlns="http://www.w3.org/2000/svg" aria-label="Shopping List Icon Add" viewBox="0 0 32 32" role="presentation" aria-hidden="true" focusable="false" class="vector-icon-color--dark-grey"><title lang="en">Shopping List Icon Add</title><desc></desc><g fill="" stroke=""><g><path d="M21.94066,15.3368884 L21.94066,12.8931995 C21.94066,12.3409148 22.3883752,11.8931995 22.94066,11.8931995 C23.4929447,11.8931995 23.94066,12.3409148 23.94066,12.8931995 L23.94066,15.3368884 L26.2522624,15.3368884 C26.8045471,15.3368884 27.2522624,15.7846037 27.2522624,16.3368884 C27.2522624,16.8891732 26.8045471,17.3368884 26.2522624,17.3368884 L23.94066,17.3368884 L23.94066,19.8787952 C23.94066,20.43108 23.4929447,20.8787952 22.94066,20.8787952 C22.3883752,20.8787952 21.94066,20.43108 21.94066,19.8787952 L21.94066,17.3368884 L19.2666667,17.3368884 C18.7143819,17.3368884 18.2666667,16.8891732 18.2666667,16.3368884 C18.2666667,15.7846037 18.7143819,15.3368884 19.2666667,15.3368884 L21.94066,15.3368884 Z M8,12 C7.44771525,12 7,11.5522847 7,11 C7,10.4477153 7.44771525,10 8,10 L19.1153581,10 C19.6676429,10 20.1153581,10.4477153 20.1153581,11 C20.1153581,11.5522847 19.6676429,12 19.1153581,12 L8,12 Z M8,17.3368884 C7.44771525,17.3368884 7,16.8891732 7,16.3368884 C7,15.7846037 7.44771525,15.3368884 8,15.3368884 L14.7200696,15.3368884 C15.2723543,15.3368884 15.7200696,15.7846037 15.7200696,16.3368884 C15.7200696,16.8891732 15.2723543,17.3368884 14.7200696,17.3368884 L8,17.3368884 Z M8,23 C7.44771525,23 7,22.5522847 7,22 C7,21.4477153 7.44771525,21 8,21 L19.1153581,21 C19.6676429,21 20.1153581,21.4477153 20.1153581,22 C20.1153581,22.5522847 19.6676429,23 19.1153581,23 L8,23 Z" fill="#000000" fill-rule="nonzero"></path></g></g></svg></div> <div class="pdl-product-detail_list-tooltip"><p>Add item to shopping list</p> <em></em></div></button></div></div></div> <!----></li> <!----><!----> <!----> <!----> <!----> <li tabindex="-1" data-product-id="222690" class="slot mobile-product-list-cell"><!----> <!----> <!----> <!----> <div class="mobile-product-list-cell_content"><div><div class="flag_outer-container"><span class="flag_label--sponsored flag_label flag_label--carrot"> Sponsored </span></div> <!----></div> <div class="mobile-product-list-cell_left"><div><!----> <img src="data:image/svg+xml;base64,PD94bWwgdmVyc2lvbj0iMS4wIiBlbmNvZGluZz0idXRmLTgiPz4KPCEtLSBHZW5lcmF0ZWQgYnkgSWNvTW9vbi5pbyAtLT4KPCFET0NUWVBFIHN2ZyBQVUJMSUMgIi0vL1czQy8vRFREIFNWRyAxLjEvL0VOIiAiaHR0cDovL3d3dy53My5vcmcvR3JhcGhpY3MvU1ZHLzEuMS9EVEQvc3ZnMTEuZHRkIj4KPHN2ZyB2ZXJzaW9uPSIxLjEiIHhtbG5zPSJodHRwOi8vd3d3LnczLm9yZy8yMDAwL3N2ZyIgeG1sbnM6eGxpbms9Imh0dHA6Ly93d3cudzMub3JnLzE5OTkveGxpbmsiIHdpZHRoPSI0OCIgaGVpZ2h0PSI0OCIgdmlld0JveD0iMCAwIDQ4IDQ4Ij4KPGcgaWQ9Imljb21vb24taWdub3JlIj4KCTxsaW5lIHN0cm9rZS13aWR0aD0iMSIgeDE9IiIgeTE9IiIgeDI9IiIgeTI9IiIgc3Ryb2tlPSIjNDQ5RkRCIiBvcGFjaXR5PSIiPjwvbGluZT4KPC9nPgoJPHBhdGggZD0iTTM4LjQ4IDkuMDcwYzAuMjQ4IDAgMC40NSAwLjIwMiAwLjQ1IDAuNDV2MjguOTU5YzAgMC4yNDgtMC4yMDIgMC40NS0wLjQ1IDAuNDVoLTI4Ljk1OWMtMC4yNDggMC0wLjQ1LTAuMjAyLTAuNDUtMC40NXYtMjguOTU5YzAtMC4yNDggMC4yMDItMC40NSAwLjQ1LTAuNDVoMjguOTU5ek0zOC40OCA4aC0yOC45NTljLTAuODQgMC0xLjUyIDAuNjgxLTEuNTIgMS41MjF2MjguOTU5YzAgMC44NCAwLjY4MSAxLjUyMSAxLjUyIDEuNTIxaDI4Ljk1OWMwLjg0IDAgMS41Mi0wLjY4MSAxLjUyLTEuNTIxdi0yOC45NTljMC0wLjg0LTAuNjgxLTEuNTIxLTEuNTItMS41MjF2MHoiIG9wYWNpdHk9IjEiIHZpc2liaWxpdHk9ImZhbHNlIiBmaWxsPSIjZDdkN2Q3Ij48L3BhdGg+Cgk8cGF0aCBkPSJNMTIuMjI4IDM1LjIyNHYtMy4zMjljMC0wLjE0NSAwLjA1OC0wLjI4NSAwLjE2LTAuMzg4bDUuNTg3LTUuNTg3YzAuMjE0LTAuMjE0IDAuNTYxLTAuMjE0IDAuNzc1IDBsMi4xMTkgMi4xMTljMC4yMTQgMC4yMTQgMC41NjEgMC4yMTQgMC43NzUgMGw4LjE5MS04LjE5MmMwLjIxNC0wLjIxNCAwLjU2MS0wLjIxNCAwLjc3NSAwbDUgNWMwLjEwMyAwLjEwMyAwLjE2IDAuMjQyIDAuMTYgMC4zODh2OS45ODhjMCAwLjMwMy0wLjI0NSAwLjU0OC0wLjU0OCAwLjU0OGgtMjIuNDQ3Yy0wLjMwMyAwLTAuNTQ4LTAuMjQ1LTAuNTQ4LTAuNTQ4eiIgb3BhY2l0eT0iMSIgdmlzaWJpbGl0eT0iZmFsc2UiIGZpbGw9IiNkN2Q3ZDciPjwvcGF0aD4KCTxwYXRoIGQ9Ik0yMS41NDQgMTcuOTY3YzAgMS45ODItMS42MDYgMy41ODgtMy41ODggMy41ODhzLTMuNTg4LTEuNjA2LTMuNTg4LTMuNTg4YzAtMS45ODEgMS42MDYtMy41ODggMy41ODgtMy41ODhzMy41ODggMS42MDYgMy41ODggMy41ODh6IiBvcGFjaXR5PSIxIiB2aXNpYmlsaXR5PSJmYWxzZSIgZmlsbD0iI2Q3ZDdkNyI+PC9wYXRoPgo8L3N2Zz4K" alt="Monster Energy Drink Zero Ultra - 12 pk" skeleton-box-size="9rem" class="product-grid-image object-contain"></div></div> <div class="mobile-product-list-cell_info"><div class="product-tile_detail"><div class="skeleton-loader_wrapper cursor-pointer"><div class="product-grid-cell_price-container product-grid-cell_price-container_column product-grid-cell_price-container--mobile"><span class="product-grid-cell_main-price product-grid-cell_main-price--on-sale"><span class="sr-only">
      Sale Price
    </span>
    $19.99
  </span> <div class="product-grid-cell_was-container"><span class="product-grid-cell_regular-price product-grid-cell_regular-price--small"><span class="sr-only">
        Original Price
      </span>
      $26.99
    </span></div></div> <!----></div> <!----></div> <div class="mobile-product-list-cell_name-content"><div class="skeleton-loader_wrapper"><div class="product-grid-cell_name"><a id="product-name-222690-16760862336479905" href="#" data-opens-modal="true" aria-haspopup="dialog" class="product-grid-cell_name-text product-grid-cell_name-text--clamp-2"><!---->
    Monster Energy Drink Zero Ultra - 12 pk
  </a></div> <!----> <!----></div> <div class="skeleton-loader_wrapper"><div class="product-grid-cell_sizes"><span class="product-grid-cell_size">
    16 OZ CAN
  </span> <span aria-hidden="true">
    |
  </span> <!----> <span class="product-grid-cell_unit">
    $0.10 / OZ
  </span></div> <!----></div> <!----> <!----> <!----> <!----> <!----> <!----> <!----></div> <div class="mobile-product-list-cell_bottom"><div class="mobile-product-list-cell_bottom_cart-ui-wrapper"><!----> <!----> <div class="pdl-add-to-cart"><div class="pdl-add-to-cart_button"><button aria-label="Add to cart" data-product-id="222690" data-price="19.99" class="button button--add-to-cart add-sale add-sponsored">
      Add to cart
      <!----></button> <!----> <!----> <!----></div> <!----></div></div> <!----></div></div></div> <div class="product-tile_action-items"><!----> <!----> <div class="shopping-list-menu_container"><div class="relative-el"><button aria-label="add to shopping list" class="button pdl-product-detail_top-icon button--fourth pdl-product-detail_top-icon--borderless"><!----> <div class="vector-icon-size--large"><svg xmlns="http://www.w3.org/2000/svg" aria-label="Shopping List Icon Add" viewBox="0 0 32 32" role="presentation" aria-hidden="true" focusable="false" class="vector-icon-color--dark-grey"><title lang="en">Shopping List Icon Add</title><desc></desc><g fill="" stroke=""><g><path d="M21.94066,15.3368884 L21.94066,12.8931995 C21.94066,12.3409148 22.3883752,11.8931995 22.94066,11.8931995 C23.4929447,11.8931995 23.94066,12.3409148 23.94066,12.8931995 L23.94066,15.3368884 L26.2522624,15.3368884 C26.8045471,15.3368884 27.2522624,15.7846037 27.2522624,16.3368884 C27.2522624,16.8891732 26.8045471,17.3368884 26.2522624,17.3368884 L23.94066,17.3368884 L23.94066,19.8787952 C23.94066,20.43108 23.4929447,20.8787952 22.94066,20.8787952 C22.3883752,20.8787952 21.94066,20.43108 21.94066,19.8787952 L21.94066,17.3368884 L19.2666667,17.3368884 C18.7143819,17.3368884 18.2666667,16.8891732 18.2666667,16.3368884 C18.2666667,15.7846037 18.7143819,15.3368884 19.2666667,15.3368884 L21.94066,15.3368884 Z M8,12 C7.44771525,12 7,11.5522847 7,11 C7,10.4477153 7.44771525,10 8,10 L19.1153581,10 C19.6676429,10 20.1153581,10.4477153 20.1153581,11 C20.1153581,11.5522847 19.6676429,12 19.1153581,12 L8,12 Z M8,17.3368884 C7.44771525,17.3368884 7,16.8891732 7,16.3368884 C7,15.7846037 7.44771525,15.3368884 8,15.3368884 L14.7200696,15.3368884 C15.2723543,15.3368884 15.7200696,15.7846037 15.7200696,16.3368884 C15.7200696,16.8891732 15.2723543,17.3368884 14.7200696,17.3368884 L8,17.3368884 Z M8,23 C7.44771525,23 7,22.5522847 7,22 C7,21.4477153 7.44771525,21 8,21 L19.1153581,21 C19.6676429,21 20.1153581,21.4477153 20.1153581,22 C20.1153581,22.5522847 19.6676429,23 19.1153581,23 L8,23 Z" fill="#000000" fill-rule="nonzero"></path></g></g></svg></div> <div class="pdl-product-detail_list-tooltip"><p>Add item to shopping list</p> <em></em></div></button></div></div></div> <!----></li> <!----><!----> <!----> <!----> <!----> <li tabindex="-1" data-product-id="207518" class="slot mobile-product-list-cell"><!----> <!----> <!----> <!----> <div class="mobile-product-list-cell_content"><div><div class="flag_outer-container"><span class="flag_label--sponsored flag_label flag_label--carrot"> Sponsored </span></div> <!----></div> <div class="mobile-product-list-cell_left"><div><!----> <img src="data:image/svg+xml;base64,PD94bWwgdmVyc2lvbj0iMS4wIiBlbmNvZGluZz0idXRmLTgiPz4KPCEtLSBHZW5lcmF0ZWQgYnkgSWNvTW9vbi5pbyAtLT4KPCFET0NUWVBFIHN2ZyBQVUJMSUMgIi0vL1czQy8vRFREIFNWRyAxLjEvL0VOIiAiaHR0cDovL3d3dy53My5vcmcvR3JhcGhpY3MvU1ZHLzEuMS9EVEQvc3ZnMTEuZHRkIj4KPHN2ZyB2ZXJzaW9uPSIxLjEiIHhtbG5zPSJodHRwOi8vd3d3LnczLm9yZy8yMDAwL3N2ZyIgeG1sbnM6eGxpbms9Imh0dHA6Ly93d3cudzMub3JnLzE5OTkveGxpbmsiIHdpZHRoPSI0OCIgaGVpZ2h0PSI0OCIgdmlld0JveD0iMCAwIDQ4IDQ4Ij4KPGcgaWQ9Imljb21vb24taWdub3JlIj4KCTxsaW5lIHN0cm9rZS13aWR0aD0iMSIgeDE9IiIgeTE9IiIgeDI9IiIgeTI9IiIgc3Ryb2tlPSIjNDQ5RkRCIiBvcGFjaXR5PSIiPjwvbGluZT4KPC9nPgoJPHBhdGggZD0iTTM4LjQ4IDkuMDcwYzAuMjQ4IDAgMC40NSAwLjIwMiAwLjQ1IDAuNDV2MjguOTU5YzAgMC4yNDgtMC4yMDIgMC40NS0wLjQ1IDAuNDVoLTI4Ljk1OWMtMC4yNDggMC0wLjQ1LTAuMjAyLTAuNDUtMC40NXYtMjguOTU5YzAtMC4yNDggMC4yMDItMC40NSAwLjQ1LTAuNDVoMjguOTU5ek0zOC40OCA4aC0yOC45NTljLTAuODQgMC0xLjUyIDAuNjgxLTEuNTIgMS41MjF2MjguOTU5YzAgMC44NCAwLjY4MSAxLjUyMSAxLjUyIDEuNTIxaDI4Ljk1OWMwLjg0IDAgMS41Mi0wLjY4MSAxLjUyLTEuNTIxdi0yOC45NTljMC0wLjg0LTAuNjgxLTEuNTIxLTEuNTItMS41MjF2MHoiIG9wYWNpdHk9IjEiIHZpc2liaWxpdHk9ImZhbHNlIiBmaWxsPSIjZDdkN2Q3Ij48L3BhdGg+Cgk8cGF0aCBkPSJNMTIuMjI4IDM1LjIyNHYtMy4zMjljMC0wLjE0NSAwLjA1OC0wLjI4NSAwLjE2LTAuMzg4bDUuNTg3LTUuNTg3YzAuMjE0LTAuMjE0IDAuNTYxLTAuMjE0IDAuNzc1IDBsMi4xMTkgMi4xMTljMC4yMTQgMC4yMTQgMC41NjEgMC4yMTQgMC43NzUgMGw4LjE5MS04LjE5MmMwLjIxNC0wLjIxNCAwLjU2MS0wLjIxNCAwLjc3NSAwbDUgNWMwLjEwMyAwLjEwMyAwLjE2IDAuMjQyIDAuMTYgMC4zODh2OS45ODhjMCAwLjMwMy0wLjI0NSAwLjU0OC0wLjU0OCAwLjU0OGgtMjIuNDQ3Yy0wLjMwMyAwLTAuNTQ4LTAuMjQ1LTAuNTQ4LTAuNTQ4eiIgb3BhY2l0eT0iMSIgdmlzaWJpbGl0eT0iZmFsc2UiIGZpbGw9IiNkN2Q3ZDciPjwvcGF0aD4KCTxwYXRoIGQ9Ik0yMS41NDQgMTcuOTY3YzAgMS45ODItMS42MDYgMy41ODgtMy41ODggMy41ODhzLTMuNTg4LTEuNjA2LTMuNTg4LTMuNTg4YzAtMS45ODEgMS42MDYtMy41ODggMy41ODgtMy41ODhzMy41ODggMS42MDYgMy41ODggMy41ODh6IiBvcGFjaXR5PSIxIiB2aXNpYmlsaXR5PSJmYWxzZSIgZmlsbD0iI2Q3ZDdkNyI+PC9wYXRoPgo8L3N2Zz4K" alt="Monster Energy Drink Ultra White Zero - 4 pk" skeleton-box-size="9rem" class="product-grid-image object-contain"></div></div> <div class="mobile-product-list-cell_info"><div class="product-tile_detail"><div class="skeleton-loader_wrapper cursor-pointer"><div class="product-grid-cell_price-container product-grid-cell_price-container_column product-grid-cell_price-container--mobile"><span class="product-grid-cell_main-price product-grid-cell_main-price--on-sale"><span class="sr-only">
      Sale Price
    </span>
    $6.99
  </span> <div class="product-grid-cell_was-container"><span class="product-grid-cell_regular-price product-grid-cell_regular-price--small"><span class="sr-only">
        Original Price
      </span>
      $9.99
    </span></div></div> <!----></div> <!----></div> <div class="mobile-product-list-cell_name-content"><div class="skeleton-loader_wrapper"><div class="product-grid-cell_name"><a id="product-name-207518-16760862336507314" href="#" data-opens-modal="true" aria-haspopup="dialog" class="product-grid-cell_name-text product-grid-cell_name-text--clamp-2"><!---->
    Monster Energy Drink Ultra White Zero - 4 pk
  </a></div> <!----> <!----></div> <div class="skeleton-loader_wrapper"><div class="product-grid-cell_sizes"><span class="product-grid-cell_size">
    16 OZ CAN
  </span> <span aria-hidden="true">
    |
  </span> <!----> <span class="product-grid-cell_unit">
    $0.11 / OZ
  </span></div> <!----></div> <!----> <!----> <!----> <!----> <!----> <!----> <!----></div> <div class="mobile-product-list-cell_bottom"><div class="mobile-product-list-cell_bottom_cart-ui-wrapper"><!----> <!----> <div class="pdl-add-to-cart"><div class="pdl-add-to-cart_button"><button aria-label="Add to cart" data-product-id="207518" data-price="6.99" class="button button--add-to-cart add-sale add-sponsored">
      Add to cart
      <!----></button> <!----> <!----> <!----></div> <!----></div></div> <!----></div></div></div> <div class="product-tile_action-items"><!----> <!----> <div class="shopping-list-menu_container"><div class="relative-el"><button aria-label="add to shopping list" class="button pdl-product-detail_top-icon button--fourth pdl-product-detail_top-icon--borderless"><!----> <div class="vector-icon-size--large"><svg xmlns="http://www.w3.org/2000/svg" aria-label="Shopping List Icon Add" viewBox="0 0 32 32" role="presentation" aria-hidden="true" focusable="false" class="vector-icon-color--dark-grey"><title lang="en">Shopping List Icon Add</title><desc></desc><g fill="" stroke=""><g><path d="M21.94066,15.3368884 L21.94066,12.8931995 C21.94066,12.3409148 22.3883752,11.8931995 22.94066,11.8931995 C23.4929447,11.8931995 23.94066,12.3409148 23.94066,12.8931995 L23.94066,15.3368884 L26.2522624,15.3368884 C26.8045471,15.3368884 27.2522624,15.7846037 27.2522624,16.3368884 C27.2522624,16.8891732 26.8045471,17.3368884 26.2522624,17.3368884 L23.94066,17.3368884 L23.94066,19.8787952 C23.94066,20.43108 23.4929447,20.8787952 22.94066,20.8787952 C22.3883752,20.8787952 21.94066,20.43108 21.94066,19.8787952 L21.94066,17.3368884 L19.2666667,17.3368884 C18.7143819,17.3368884 18.2666667,16.8891732 18.2666667,16.3368884 C18.2666667,15.7846037 18.7143819,15.3368884 19.2666667,15.3368884 L21.94066,15.3368884 Z M8,12 C7.44771525,12 7,11.5522847 7,11 C7,10.4477153 7.44771525,10 8,10 L19.1153581,10 C19.6676429,10 20.1153581,10.4477153 20.1153581,11 C20.1153581,11.5522847 19.6676429,12 19.1153581,12 L8,12 Z M8,17.3368884 C7.44771525,17.3368884 7,16.8891732 7,16.3368884 C7,15.7846037 7.44771525,15.3368884 8,15.3368884 L14.7200696,15.3368884 C15.2723543,15.3368884 15.7200696,15.7846037 15.7200696,16.3368884 C15.7200696,16.8891732 15.2723543,17.3368884 14.7200696,17.3368884 L8,17.3368884 Z M8,23 C7.44771525,23 7,22.5522847 7,22 C7,21.4477153 7.44771525,21 8,21 L19.1153581,21 C19.6676429,21 20.1153581,21.4477153 20.1153581,22 C20.1153581,22.5522847 19.6676429,23 19.1153581,23 L8,23 Z" fill="#000000" fill-rule="nonzero"></path></g></g></svg></div> <div class="pdl-product-detail_list-tooltip"><p>Add item to shopping list</p> <em></em></div></button></div></div></div> <!----></li> <!----><!----> <!----> <!----> <!----> <li tabindex="-1" data-product-id="143906" class="slot mobile-product-list-cell"><!----> <!----> <!----> <!----> <div class="mobile-product-list-cell_content"><div><!----> <div class="flag_outer-container"><div class=""><svg xmlns="http://www.w3.org/2000/svg" aria-label="Sale" viewBox="0 0 32 32" role="presentation" aria-hidden="true" focusable="false" class="w-20 ml-3"><title lang="en">Sale</title><desc></desc><g fill="" stroke=""><g><path d="M16.56 19.87a3.81 3.81 0 0 1-1-.13l-13.39-3.5a1.5 1.5 0 0 1-1.12-1.34l-.81-11a1.52 1.52 0 0 1 1.39-1.61l27.69-2h.11a1.51 1.51 0 0 1 1.5 1.4l.82 11a1.52 1.52 0 0 1-.91 1.5l-12.72 5.36a3.79 3.79 0 0 1-1.56.32Z" fill="#ed1256"></path><path fill="#fff" d="M29.43.48a1.26 1.26 0 0 1 1.26 1.17l.82 11a1.27 1.27 0 0 1-.76 1.26L18 19.34a3.72 3.72 0 0 1-1.47.3 3.79 3.79 0 0 1-.94-.12L2.24 16a1.27 1.27 0 0 1-1-1.13l-.81-11a1.26 1.26 0 0 1 1.22-1.33L29.34.48h.09m0-.48h-.13L1.62 2A1.76 1.76 0 0 0 0 3.92l.82 11a1.73 1.73 0 0 0 1.3 1.55L15.5 20a4.3 4.3 0 0 0 1.07.14 4.24 4.24 0 0 0 1.65-.34l12.72-5.44A1.76 1.76 0 0 0 32 12.59l-.82-11A1.76 1.76 0 0 0 29.43 0Z"></path><path fill="#fff" d="M3.74 9.87a3 3 0 0 0 .82.55 2.21 2.21 0 0 0 1.08.19 1.6 1.6 0 0 0 .29 0 1 1 0 0 0 .26-.12.58.58 0 0 0 .18-.2.62.62 0 0 0 0-.31.59.59 0 0 0-.32-.49 3.38 3.38 0 0 0-.85-.34L4.84 9a4.19 4.19 0 0 1-.69-.26 2.44 2.44 0 0 1-.63-.41 1.92 1.92 0 0 1-.7-1.42 2.68 2.68 0 0 1 .1-1A2.2 2.2 0 0 1 3.39 5a2.42 2.42 0 0 1 .82-.6 3.15 3.15 0 0 1 1.17-.28 3.68 3.68 0 0 1 1.72.24 3 3 0 0 1 .57.29A2.66 2.66 0 0 1 8 5l-.82 1.37a4.42 4.42 0 0 0-.82-.45 2 2 0 0 0-.85-.13 1.4 1.4 0 0 0-.28.06A.9.9 0 0 0 5 6a.62.62 0 0 0-.16.2.5.5 0 0 0 0 .28.6.6 0 0 0 .1.31.68.68 0 0 0 .24.2 1.27 1.27 0 0 0 .35.15l.43.13.35.09a7.49 7.49 0 0 1 .69.22 2.2 2.2 0 0 1 .72.42 2.46 2.46 0 0 1 .54.68 2.31 2.31 0 0 1 .27 1 2.15 2.15 0 0 1-.15 1 2.53 2.53 0 0 1-.56.84 2.77 2.77 0 0 1-.88.59 4 4 0 0 1-1.11.27A4.67 4.67 0 0 1 4 12.25a3.79 3.79 0 0 1-1.28-.75ZM11.29 3.89l2.17-.16 3.1 7.7-2 .15L14 10l-2.39.18-.35 1.67-2 .14Zm2.15 4.6-1-2.84-.61 2.95ZM17 3.47l1.89-.14.44 6 3.3-.25.16 1.92-5.19.39ZM23.36 3l5.13-.38.13 1.8-3.24.24.09 1.22 2.66-.2.12 1.7-2.65.2.09 1.35 3.46-.26.13 1.81-5.34.4Z"></path></g></g></svg></div> <!----> <!----> <!----></div></div> <div class="mobile-product-list-cell_left"><div><!----> <img src="data:image/svg+xml;base64,PD94bWwgdmVyc2lvbj0iMS4wIiBlbmNvZGluZz0idXRmLTgiPz4KPCEtLSBHZW5lcmF0ZWQgYnkgSWNvTW9vbi5pbyAtLT4KPCFET0NUWVBFIHN2ZyBQVUJMSUMgIi0vL1czQy8vRFREIFNWRyAxLjEvL0VOIiAiaHR0cDovL3d3dy53My5vcmcvR3JhcGhpY3MvU1ZHLzEuMS9EVEQvc3ZnMTEuZHRkIj4KPHN2ZyB2ZXJzaW9uPSIxLjEiIHhtbG5zPSJodHRwOi8vd3d3LnczLm9yZy8yMDAwL3N2ZyIgeG1sbnM6eGxpbms9Imh0dHA6Ly93d3cudzMub3JnLzE5OTkveGxpbmsiIHdpZHRoPSI0OCIgaGVpZ2h0PSI0OCIgdmlld0JveD0iMCAwIDQ4IDQ4Ij4KPGcgaWQ9Imljb21vb24taWdub3JlIj4KCTxsaW5lIHN0cm9rZS13aWR0aD0iMSIgeDE9IiIgeTE9IiIgeDI9IiIgeTI9IiIgc3Ryb2tlPSIjNDQ5RkRCIiBvcGFjaXR5PSIiPjwvbGluZT4KPC9nPgoJPHBhdGggZD0iTTM4LjQ4IDkuMDcwYzAuMjQ4IDAgMC40NSAwLjIwMiAwLjQ1IDAuNDV2MjguOTU5YzAgMC4yNDgtMC4yMDIgMC40NS0wLjQ1IDAuNDVoLTI4Ljk1OWMtMC4yNDggMC0wLjQ1LTAuMjAyLTAuNDUtMC40NXYtMjguOTU5YzAtMC4yNDggMC4yMDItMC40NSAwLjQ1LTAuNDVoMjguOTU5ek0zOC40OCA4aC0yOC45NTljLTAuODQgMC0xLjUyIDAuNjgxLTEuNTIgMS41MjF2MjguOTU5YzAgMC44NCAwLjY4MSAxLjUyMSAxLjUyIDEuNTIxaDI4Ljk1OWMwLjg0IDAgMS41Mi0wLjY4MSAxLjUyLTEuNTIxdi0yOC45NTljMC0wLjg0LTAuNjgxLTEuNTIxLTEuNTItMS41MjF2MHoiIG9wYWNpdHk9IjEiIHZpc2liaWxpdHk9ImZhbHNlIiBmaWxsPSIjZDdkN2Q3Ij48L3BhdGg+Cgk8cGF0aCBkPSJNMTIuMjI4IDM1LjIyNHYtMy4zMjljMC0wLjE0NSAwLjA1OC0wLjI4NSAwLjE2LTAuMzg4bDUuNTg3LTUuNTg3YzAuMjE0LTAuMjE0IDAuNTYxLTAuMjE0IDAuNzc1IDBsMi4xMTkgMi4xMTljMC4yMTQgMC4yMTQgMC41NjEgMC4yMTQgMC43NzUgMGw4LjE5MS04LjE5MmMwLjIxNC0wLjIxNCAwLjU2MS0wLjIxNCAwLjc3NSAwbDUgNWMwLjEwMyAwLjEwMyAwLjE2IDAuMjQyIDAuMTYgMC4zODh2OS45ODhjMCAwLjMwMy0wLjI0NSAwLjU0OC0wLjU0OCAwLjU0OGgtMjIuNDQ3Yy0wLjMwMyAwLTAuNTQ4LTAuMjQ1LTAuNTQ4LTAuNTQ4eiIgb3BhY2l0eT0iMSIgdmlzaWJpbGl0eT0iZmFsc2UiIGZpbGw9IiNkN2Q3ZDciPjwvcGF0aD4KCTxwYXRoIGQ9Ik0yMS41NDQgMTcuOTY3YzAgMS45ODItMS42MDYgMy41ODgtMy41ODggMy41ODhzLTMuNTg4LTEuNjA2LTMuNTg4LTMuNTg4YzAtMS45ODEgMS42MDYtMy41ODggMy41ODgtMy41ODhzMy41ODggMS42MDYgMy41ODggMy41ODh6IiBvcGFjaXR5PSIxIiB2aXNpYmlsaXR5PSJmYWxzZSIgZmlsbD0iI2Q3ZDdkNyI+PC9wYXRoPgo8L3N2Zz4K" alt="Monster Energy Drink - 4 pk" skeleton-box-size="9rem" class="product-grid-image object-contain"></div></div> <div class="mobile-product-list-cell_info"><div class="product-tile_detail"><div class="skeleton-loader_wrapper cursor-pointer"><div class="product-grid-cell_price-container product-grid-cell_price-container_column product-grid-cell_price-container--mobile"><span class="product-grid-cell_main-price product-grid-cell_main-price--on-sale"><span class="sr-only">
      Sale Price
    </span>
    $6.99
  </span> <div class="product-grid-cell_was-container"><span class="product-grid-cell_regular-price product-grid-cell_regular-price--small"><span class="sr-only">
        Original Price
      </span>
      $9.99
    </span></div></div> <!----></div> <!----></div> <div class="mobile-product-list-cell_name-content"><div class="skeleton-loader_wrapper"><div class="product-grid-cell_name"><a id="product-name-143906-16760862336529908" href="#" data-opens-modal="true" aria-haspopup="dialog" class="product-grid-cell_name-text product-grid-cell_name-text--clamp-2"><!---->
    Monster Energy Drink - 4 pk
  </a></div> <!----> <!----></div> <div class="skeleton-loader_wrapper"><div class="product-grid-cell_sizes"><span class="product-grid-cell_size">
    16 OZ CAN
  </span> <span aria-hidden="true">
    |
  </span> <!----> <span class="product-grid-cell_unit">
    $0.11 / OZ
  </span></div> <!----></div> <!----> <!----> <!----> <!----> <!----> <!----> <!----></div> <div class="mobile-product-list-cell_bottom"><div class="mobile-product-list-cell_bottom_cart-ui-wrapper"><!----> <!----> <div class="pdl-add-to-cart"><div class="pdl-add-to-cart_button"><button aria-label="Add to cart" data-product-id="143906" data-price="6.99" class="button button--add-to-cart add-sale">
      Add to cart
      <!----></button> <!----> <!----> <!----></div> <!----></div></div> <!----></div></div></div> <div class="product-tile_action-items"><!----> <!----> <div class="shopping-list-menu_container"><div class="relative-el"><button aria-label="add to shopping list" class="button pdl-product-detail_top-icon button--fourth pdl-product-detail_top-icon--borderless"><!----> <div class="vector-icon-size--large"><svg xmlns="http://www.w3.org/2000/svg" aria-label="Shopping List Icon Add" viewBox="0 0 32 32" role="presentation" aria-hidden="true" focusable="false" class="vector-icon-color--dark-grey"><title lang="en">Shopping List Icon Add</title><desc></desc><g fill="" stroke=""><g><path d="M21.94066,15.3368884 L21.94066,12.8931995 C21.94066,12.3409148 22.3883752,11.8931995 22.94066,11.8931995 C23.4929447,11.8931995 23.94066,12.3409148 23.94066,12.8931995 L23.94066,15.3368884 L26.2522624,15.3368884 C26.8045471,15.3368884 27.2522624,15.7846037 27.2522624,16.3368884 C27.2522624,16.8891732 26.8045471,17.3368884 26.2522624,17.3368884 L23.94066,17.3368884 L23.94066,19.8787952 C23.94066,20.43108 23.4929447,20.8787952 22.94066,20.8787952 C22.3883752,20.8787952 21.94066,20.43108 21.94066,19.8787952 L21.94066,17.3368884 L19.2666667,17.3368884 C18.7143819,17.3368884 18.2666667,16.8891732 18.2666667,16.3368884 C18.2666667,15.7846037 18.7143819,15.3368884 19.2666667,15.3368884 L21.94066,15.3368884 Z M8,12 C7.44771525,12 7,11.5522847 7,11 C7,10.4477153 7.44771525,10 8,10 L19.1153581,10 C19.6676429,10 20.1153581,10.4477153 20.1153581,11 C20.1153581,11.5522847 19.6676429,12 19.1153581,12 L8,12 Z M8,17.3368884 C7.44771525,17.3368884 7,16.8891732 7,16.3368884 C7,15.7846037 7.44771525,15.3368884 8,15.3368884 L14.7200696,15.3368884 C15.2723543,15.3368884 15.7200696,15.7846037 15.7200696,16.3368884 C15.7200696,16.8891732 15.2723543,17.3368884 14.7200696,17.3368884 L8,17.3368884 Z M8,23 C7.44771525,23 7,22.5522847 7,22 C7,21.4477153 7.44771525,21 8,21 L19.1153581,21 C19.6676429,21 20.1153581,21.4477153 20.1153581,22 C20.1153581,22.5522847 19.6676429,23 19.1153581,23 L8,23 Z" fill="#000000" fill-rule="nonzero"></path></g></g></svg></div> <div class="pdl-product-detail_list-tooltip"><p>Add item to shopping list</p> <em></em></div></button></div></div></div> <!----></li> <!----><!----> <!----> <!----> <!----> <li tabindex="-1" data-product-id="245539" class="slot mobile-product-list-cell"><!----> <!----> <!----> <!----> <div class="mobile-product-list-cell_content"><div><!----> <div class="flag_outer-container"><div class=""><svg xmlns="http://www.w3.org/2000/svg" aria-label="Sale" viewBox="0 0 32 32" role="presentation" aria-hidden="true" focusable="false" class="w-20 ml-3"><title lang="en">Sale</title><desc></desc><g fill="" stroke=""><g><path d="M16.56 19.87a3.81 3.81 0 0 1-1-.13l-13.39-3.5a1.5 1.5 0 0 1-1.12-1.34l-.81-11a1.52 1.52 0 0 1 1.39-1.61l27.69-2h.11a1.51 1.51 0 0 1 1.5 1.4l.82 11a1.52 1.52 0 0 1-.91 1.5l-12.72 5.36a3.79 3.79 0 0 1-1.56.32Z" fill="#ed1256"></path><path fill="#fff" d="M29.43.48a1.26 1.26 0 0 1 1.26 1.17l.82 11a1.27 1.27 0 0 1-.76 1.26L18 19.34a3.72 3.72 0 0 1-1.47.3 3.79 3.79 0 0 1-.94-.12L2.24 16a1.27 1.27 0 0 1-1-1.13l-.81-11a1.26 1.26 0 0 1 1.22-1.33L29.34.48h.09m0-.48h-.13L1.62 2A1.76 1.76 0 0 0 0 3.92l.82 11a1.73 1.73 0 0 0 1.3 1.55L15.5 20a4.3 4.3 0 0 0 1.07.14 4.24 4.24 0 0 0 1.65-.34l12.72-5.44A1.76 1.76 0 0 0 32 12.59l-.82-11A1.76 1.76 0 0 0 29.43 0Z"></path><path fill="#fff" d="M3.74 9.87a3 3 0 0 0 .82.55 2.21 2.21 0 0 0 1.08.19 1.6 1.6 0 0 0 .29 0 1 1 0 0 0 .26-.12.58.58 0 0 0 .18-.2.62.62 0 0 0 0-.31.59.59 0 0 0-.32-.49 3.38 3.38 0 0 0-.85-.34L4.84 9a4.19 4.19 0 0 1-.69-.26 2.44 2.44 0 0 1-.63-.41 1.92 1.92 0 0 1-.7-1.42 2.68 2.68 0 0 1 .1-1A2.2 2.2 0 0 1 3.39 5a2.42 2.42 0 0 1 .82-.6 3.15 3.15 0 0 1 1.17-.28 3.68 3.68 0 0 1 1.72.24 3 3 0 0 1 .57.29A2.66 2.66 0 0 1 8 5l-.82 1.37a4.42 4.42 0 0 0-.82-.45 2 2 0 0 0-.85-.13 1.4 1.4 0 0 0-.28.06A.9.9 0 0 0 5 6a.62.62 0 0 0-.16.2.5.5 0 0 0 0 .28.6.6 0 0 0 .1.31.68.68 0 0 0 .24.2 1.27 1.27 0 0 0 .35.15l.43.13.35.09a7.49 7.49 0 0 1 .69.22 2.2 2.2 0 0 1 .72.42 2.46 2.46 0 0 1 .54.68 2.31 2.31 0 0 1 .27 1 2.15 2.15 0 0 1-.15 1 2.53 2.53 0 0 1-.56.84 2.77 2.77 0 0 1-.88.59 4 4 0 0 1-1.11.27A4.67 4.67 0 0 1 4 12.25a3.79 3.79 0 0 1-1.28-.75ZM11.29 3.89l2.17-.16 3.1 7.7-2 .15L14 10l-2.39.18-.35 1.67-2 .14Zm2.15 4.6-1-2.84-.61 2.95ZM17 3.47l1.89-.14.44 6 3.3-.25.16 1.92-5.19.39ZM23.36 3l5.13-.38.13 1.8-3.24.24.09 1.22 2.66-.2.12 1.7-2.65.2.09 1.35 3.46-.26.13 1.81-5.34.4Z"></path></g></g></svg></div> <!----> <!----> <!----></div></div> <div class="mobile-product-list-cell_left"><div><!----> <img src="data:image/svg+xml;base64,PD94bWwgdmVyc2lvbj0iMS4wIiBlbmNvZGluZz0idXRmLTgiPz4KPCEtLSBHZW5lcmF0ZWQgYnkgSWNvTW9vbi5pbyAtLT4KPCFET0NUWVBFIHN2ZyBQVUJMSUMgIi0vL1czQy8vRFREIFNWRyAxLjEvL0VOIiAiaHR0cDovL3d3dy53My5vcmcvR3JhcGhpY3MvU1ZHLzEuMS9EVEQvc3ZnMTEuZHRkIj4KPHN2ZyB2ZXJzaW9uPSIxLjEiIHhtbG5zPSJodHRwOi8vd3d3LnczLm9yZy8yMDAwL3N2ZyIgeG1sbnM6eGxpbms9Imh0dHA6Ly93d3cudzMub3JnLzE5OTkveGxpbmsiIHdpZHRoPSI0OCIgaGVpZ2h0PSI0OCIgdmlld0JveD0iMCAwIDQ4IDQ4Ij4KPGcgaWQ9Imljb21vb24taWdub3JlIj4KCTxsaW5lIHN0cm9rZS13aWR0aD0iMSIgeDE9IiIgeTE9IiIgeDI9IiIgeTI9IiIgc3Ryb2tlPSIjNDQ5RkRCIiBvcGFjaXR5PSIiPjwvbGluZT4KPC9nPgoJPHBhdGggZD0iTTM4LjQ4IDkuMDcwYzAuMjQ4IDAgMC40NSAwLjIwMiAwLjQ1IDAuNDV2MjguOTU5YzAgMC4yNDgtMC4yMDIgMC40NS0wLjQ1IDAuNDVoLTI4Ljk1OWMtMC4yNDggMC0wLjQ1LTAuMjAyLTAuNDUtMC40NXYtMjguOTU5YzAtMC4yNDggMC4yMDItMC40NSAwLjQ1LTAuNDVoMjguOTU5ek0zOC40OCA4aC0yOC45NTljLTAuODQgMC0xLjUyIDAuNjgxLTEuNTIgMS41MjF2MjguOTU5YzAgMC44NCAwLjY4MSAxLjUyMSAxLjUyIDEuNTIxaDI4Ljk1OWMwLjg0IDAgMS41Mi0wLjY4MSAxLjUyLTEuNTIxdi0yOC45NTljMC0wLjg0LTAuNjgxLTEuNTIxLTEuNTItMS41MjF2MHoiIG9wYWNpdHk9IjEiIHZpc2liaWxpdHk9ImZhbHNlIiBmaWxsPSIjZDdkN2Q3Ij48L3BhdGg+Cgk8cGF0aCBkPSJNMTIuMjI4IDM1LjIyNHYtMy4zMjljMC0wLjE0NSAwLjA1OC0wLjI4NSAwLjE2LTAuMzg4bDUuNTg3LTUuNTg3YzAuMjE0LTAuMjE0IDAuNTYxLTAuMjE0IDAuNzc1IDBsMi4xMTkgMi4xMTljMC4yMTQgMC4yMTQgMC41NjEgMC4yMTQgMC43NzUgMGw4LjE5MS04LjE5MmMwLjIxNC0wLjIxNCAwLjU2MS0wLjIxNCAwLjc3NSAwbDUgNWMwLjEwMyAwLjEwMyAwLjE2IDAuMjQyIDAuMTYgMC4zODh2OS45ODhjMCAwLjMwMy0wLjI0NSAwLjU0OC0wLjU0OCAwLjU0OGgtMjIuNDQ3Yy0wLjMwMyAwLTAuNTQ4LTAuMjQ1LTAuNTQ4LTAuNTQ4eiIgb3BhY2l0eT0iMSIgdmlzaWJpbGl0eT0iZmFsc2UiIGZpbGw9IiNkN2Q3ZDciPjwvcGF0aD4KCTxwYXRoIGQ9Ik0yMS41NDQgMTcuOTY3YzAgMS45ODItMS42MDYgMy41ODgtMy41ODggMy41ODhzLTMuNTg4LTEuNjA2LTMuNTg4LTMuNTg4YzAtMS45ODEgMS42MDYtMy41ODggMy41ODgtMy41ODhzMy41ODggMS42MDYgMy41ODggMy41ODh6IiBvcGFjaXR5PSIxIiB2aXNpYmlsaXR5PSJmYWxzZSIgZmlsbD0iI2Q3ZDdkNyI+PC9wYXRoPgo8L3N2Zz4K" alt="Tate's Bake Shop Double Chocolate Chip Cookies" skeleton-box-size="9rem" class="product-grid-image object-contain"></div></div> <div class="mobile-product-list-cell_info"><div class="product-tile_detail"><div class="skeleton-loader_wrapper cursor-pointer"><div class="product-grid-cell_price-container product-grid-cell_price-container_column product-grid-cell_price-container--mobile"><span class="product-grid-cell_main-price product-grid-cell_main-price--on-sale"><span class="sr-only">
      Sale Price
    </span>
    $4.99
  </span> <div class="product-grid-cell_was-container"><span class="product-grid-cell_regular-price product-grid-cell_regular-price--small"><span class="sr-only">
        Original Price
      </span>
      $6.29
    </span></div></div> <!----></div> <!----></div> <div class="mobile-product-list-cell_name-content"><div class="skeleton-loader_wrapper"><div class="product-grid-cell_name"><a id="product-name-245539-16760862336557907" href="#" data-opens-modal="true" aria-haspopup="dialog" class="product-grid-cell_name-text product-grid-cell_name-text--clamp-2"><!---->
    Tate's Bake Shop Double Chocolate Chip Cookies
  </a></div> <!----> <!----></div> <div class="skeleton-loader_wrapper"><div class="product-grid-cell_sizes"><span class="product-grid-cell_size">
    7 OZ BAG
  </span> <span aria-hidden="true">
    |
  </span> <!----> <span class="product-grid-cell_unit">
    $0.71 / OZ
  </span></div> <!----></div> <!----> <!----> <!----> <!----> <!----> <!----> <!----></div> <div class="mobile-product-list-cell_bottom"><div class="mobile-product-list-cell_bottom_cart-ui-wrapper"><!----> <!----> <div class="pdl-add-to-cart"><div class="pdl-add-to-cart_button"><button aria-label="Add to cart" data-product-id="245539" data-price="4.99" class="button button--add-to-cart add-sale">
      Add to cart
      <!----></button> <!----> <!----> <!----></div> <!----></div></div> <!----></div></div></div> <div class="product-tile_action-items"><!----> <!----> <div class="shopping-list-menu_container"><div class="relative-el"><button aria-label="add to shopping list" class="button pdl-product-detail_top-icon button--fourth pdl-product-detail_top-icon--borderless"><!----> <div class="vector-icon-size--large"><svg xmlns="http://www.w3.org/2000/svg" aria-label="Shopping List Icon Add" viewBox="0 0 32 32" role="presentation" aria-hidden="true" focusable="false" class="vector-icon-color--dark-grey"><title lang="en">Shopping List Icon Add</title><desc></desc><g fill="" stroke=""><g><path d="M21.94066,15.3368884 L21.94066,12.8931995 C21.94066,12.3409148 22.3883752,11.8931995 22.94066,11.8931995 C23.4929447,11.8931995 23.94066,12.3409148 23.94066,12.8931995 L23.94066,15.3368884 L26.2522624,15.3368884 C26.8045471,15.3368884 27.2522624,15.7846037 27.2522624,16.3368884 C27.2522624,16.8891732 26.8045471,17.3368884 26.2522624,17.3368884 L23.94066,17.3368884 L23.94066,19.8787952 C23.94066,20.43108 23.4929447,20.8787952 22.94066,20.8787952 C22.3883752,20.8787952 21.94066,20.43108 21.94066,19.8787952 L21.94066,17.3368884 L19.2666667,17.3368884 C18.7143819,17.3368884 18.2666667,16.8891732 18.2666667,16.3368884 C18.2666667,15.7846037 18.7143819,15.3368884 19.2666667,15.3368884 L21.94066,15.3368884 Z M8,12 C7.44771525,12 7,11.5522847 7,11 C7,10.4477153 7.44771525,10 8,10 L19.1153581,10 C19.6676429,10 20.1153581,10.4477153 20.1153581,11 C20.1153581,11.5522847 19.6676429,12 19.1153581,12 L8,12 Z M8,17.3368884 C7.44771525,17.3368884 7,16.8891732 7,16.3368884 C7,15.7846037 7.44771525,15.3368884 8,15.3368884 L14.7200696,15.3368884 C15.2723543,15.3368884 15.7200696,15.7846037 15.7200696,16.3368884 C15.7200696,16.8891732 15.2723543,17.3368884 14.7200696,17.3368884 L8,17.3368884 Z M8,23 C7.44771525,23 7,22.5522847 7,22 C7,21.4477153 7.44771525,21 8,21 L19.1153581,21 C19.6676429,21 20.1153581,21.4477153 20.1153581,22 C20.1153581,22.5522847 19.6676429,23 19.1153581,23 L8,23 Z" fill="#000000" fill-rule="nonzero"></path></g></g></svg></div> <div class="pdl-product-detail_list-tooltip"><p>Add item to shopping list</p> <em></em></div></button></div></div></div> <!----></li> <!----><!----> <!----> <!----> <!----> <li tabindex="-1" data-product-id="228096" class="slot mobile-product-list-cell"><!----> <!----> <!----> <!----> <div class="mobile-product-list-cell_content"><div><div class="flag_outer-container"><span class="flag_label--sponsored flag_label flag_label--carrot"> Sponsored </span></div> <!----></div> <div class="mobile-product-list-cell_left"><div><!----> <img src="data:image/svg+xml;base64,PD94bWwgdmVyc2lvbj0iMS4wIiBlbmNvZGluZz0idXRmLTgiPz4KPCEtLSBHZW5lcmF0ZWQgYnkgSWNvTW9vbi5pbyAtLT4KPCFET0NUWVBFIHN2ZyBQVUJMSUMgIi0vL1czQy8vRFREIFNWRyAxLjEvL0VOIiAiaHR0cDovL3d3dy53My5vcmcvR3JhcGhpY3MvU1ZHLzEuMS9EVEQvc3ZnMTEuZHRkIj4KPHN2ZyB2ZXJzaW9uPSIxLjEiIHhtbG5zPSJodHRwOi8vd3d3LnczLm9yZy8yMDAwL3N2ZyIgeG1sbnM6eGxpbms9Imh0dHA6Ly93d3cudzMub3JnLzE5OTkveGxpbmsiIHdpZHRoPSI0OCIgaGVpZ2h0PSI0OCIgdmlld0JveD0iMCAwIDQ4IDQ4Ij4KPGcgaWQ9Imljb21vb24taWdub3JlIj4KCTxsaW5lIHN0cm9rZS13aWR0aD0iMSIgeDE9IiIgeTE9IiIgeDI9IiIgeTI9IiIgc3Ryb2tlPSIjNDQ5RkRCIiBvcGFjaXR5PSIiPjwvbGluZT4KPC9nPgoJPHBhdGggZD0iTTM4LjQ4IDkuMDcwYzAuMjQ4IDAgMC40NSAwLjIwMiAwLjQ1IDAuNDV2MjguOTU5YzAgMC4yNDgtMC4yMDIgMC40NS0wLjQ1IDAuNDVoLTI4Ljk1OWMtMC4yNDggMC0wLjQ1LTAuMjAyLTAuNDUtMC40NXYtMjguOTU5YzAtMC4yNDggMC4yMDItMC40NSAwLjQ1LTAuNDVoMjguOTU5ek0zOC40OCA4aC0yOC45NTljLTAuODQgMC0xLjUyIDAuNjgxLTEuNTIgMS41MjF2MjguOTU5YzAgMC44NCAwLjY4MSAxLjUyMSAxLjUyIDEuNTIxaDI4Ljk1OWMwLjg0IDAgMS41Mi0wLjY4MSAxLjUyLTEuNTIxdi0yOC45NTljMC0wLjg0LTAuNjgxLTEuNTIxLTEuNTItMS41MjF2MHoiIG9wYWNpdHk9IjEiIHZpc2liaWxpdHk9ImZhbHNlIiBmaWxsPSIjZDdkN2Q3Ij48L3BhdGg+Cgk8cGF0aCBkPSJNMTIuMjI4IDM1LjIyNHYtMy4zMjljMC0wLjE0NSAwLjA1OC0wLjI4NSAwLjE2LTAuMzg4bDUuNTg3LTUuNTg3YzAuMjE0LTAuMjE0IDAuNTYxLTAuMjE0IDAuNzc1IDBsMi4xMTkgMi4xMTljMC4yMTQgMC4yMTQgMC41NjEgMC4yMTQgMC43NzUgMGw4LjE5MS04LjE5MmMwLjIxNC0wLjIxNCAwLjU2MS0wLjIxNCAwLjc3NSAwbDUgNWMwLjEwMyAwLjEwMyAwLjE2IDAuMjQyIDAuMTYgMC4zODh2OS45ODhjMCAwLjMwMy0wLjI0NSAwLjU0OC0wLjU0OCAwLjU0OGgtMjIuNDQ3Yy0wLjMwMyAwLTAuNTQ4LTAuMjQ1LTAuNTQ4LTAuNTQ4eiIgb3BhY2l0eT0iMSIgdmlzaWJpbGl0eT0iZmFsc2UiIGZpbGw9IiNkN2Q3ZDciPjwvcGF0aD4KCTxwYXRoIGQ9Ik0yMS41NDQgMTcuOTY3YzAgMS45ODItMS42MDYgMy41ODgtMy41ODggMy41ODhzLTMuNTg4LTEuNjA2LTMuNTg4LTMuNTg4YzAtMS45ODEgMS42MDYtMy41ODggMy41ODgtMy41ODhzMy41ODggMS42MDYgMy41ODggMy41ODh6IiBvcGFjaXR5PSIxIiB2aXNpYmlsaXR5PSJmYWxzZSIgZmlsbD0iI2Q3ZDdkNyI+PC9wYXRoPgo8L3N2Zz4K" alt="Tate's Bake Shop Cookies Walnut Chocolate Chip" skeleton-box-size="9rem" class="product-grid-image object-contain"></div></div> <div class="mobile-product-list-cell_info"><div class="product-tile_detail"><div class="skeleton-loader_wrapper cursor-pointer"><div class="product-grid-cell_price-container product-grid-cell_price-container_column product-grid-cell_price-container--mobile"><span class="product-grid-cell_main-price product-grid-cell_main-price--on-sale"><span class="sr-only">
      Sale Price
    </span>
    $4.99
  </span> <div class="product-grid-cell_was-container"><span class="product-grid-cell_regular-price product-grid-cell_regular-price--small"><span class="sr-only">
        Original Price
      </span>
      $6.29
    </span></div></div> <!----></div> <!----></div> <div class="mobile-product-list-cell_name-content"><div class="skeleton-loader_wrapper"><div class="product-grid-cell_name"><a id="product-name-228096-16760862336580476" href="#" data-opens-modal="true" aria-haspopup="dialog" class="product-grid-cell_name-text product-grid-cell_name-text--clamp-2"><!---->
    Tate's Bake Shop Cookies Walnut Chocolate Chip
  </a></div> <!----> <!----></div> <div class="skeleton-loader_wrapper"><div class="product-grid-cell_sizes"><span class="product-grid-cell_size">
    7 OZ PKG
  </span> <span aria-hidden="true">
    |
  </span> <!----> <span class="product-grid-cell_unit">
    $0.71 / OZ
  </span></div> <!----></div> <!----> <!----> <!----> <!----> <!----> <!----> <!----></div> <div class="mobile-product-list-cell_bottom"><div class="mobile-product-list-cell_bottom_cart-ui-wrapper"><!----> <!----> <div class="pdl-add-to-cart"><div class="pdl-add-to-cart_button"><button aria-label="Add to cart" data-product-id="228096" data-price="4.99" class="button button--add-to-cart add-sale add-sponsored">
      Add to cart
      <!----></button> <!----> <!----> <!----></div> <!----></div></div> <!----></div></div></div> <div class="product-tile_action-items"><!----> <!----> <div class="shopping-list-menu_container"><div class="relative-el"><button aria-label="add to shopping list" class="button pdl-product-detail_top-icon button--fourth pdl-product-detail_top-icon--borderless"><!----> <div class="vector-icon-size--large"><svg xmlns="http://www.w3.org/2000/svg" aria-label="Shopping List Icon Add" viewBox="0 0 32 32" role="presentation" aria-hidden="true" focusable="false" class="vector-icon-color--dark-grey"><title lang="en">Shopping List Icon Add</title><desc></desc><g fill="" stroke=""><g><path d="M21.94066,15.3368884 L21.94066,12.8931995 C21.94066,12.3409148 22.3883752,11.8931995 22.94066,11.8931995 C23.4929447,11.8931995 23.94066,12.3409148 23.94066,12.8931995 L23.94066,15.3368884 L26.2522624,15.3368884 C26.8045471,15.3368884 27.2522624,15.7846037 27.2522624,16.3368884 C27.2522624,16.8891732 26.8045471,17.3368884 26.2522624,17.3368884 L23.94066,17.3368884 L23.94066,19.8787952 C23.94066,20.43108 23.4929447,20.8787952 22.94066,20.8787952 C22.3883752,20.8787952 21.94066,20.43108 21.94066,19.8787952 L21.94066,17.3368884 L19.2666667,17.3368884 C18.7143819,17.3368884 18.2666667,16.8891732 18.2666667,16.3368884 C18.2666667,15.7846037 18.7143819,15.3368884 19.2666667,15.3368884 L21.94066,15.3368884 Z M8,12 C7.44771525,12 7,11.5522847 7,11 C7,10.4477153 7.44771525,10 8,10 L19.1153581,10 C19.6676429,10 20.1153581,10.4477153 20.1153581,11 C20.1153581,11.5522847 19.6676429,12 19.1153581,12 L8,12 Z M8,17.3368884 C7.44771525,17.3368884 7,16.8891732 7,16.3368884 C7,15.7846037 7.44771525,15.3368884 8,15.3368884 L14.7200696,15.3368884 C15.2723543,15.3368884 15.7200696,15.7846037 15.7200696,16.3368884 C15.7200696,16.8891732 15.2723543,17.3368884 14.7200696,17.3368884 L8,17.3368884 Z M8,23 C7.44771525,23 7,22.5522847 7,22 C7,21.4477153 7.44771525,21 8,21 L19.1153581,21 C19.6676429,21 20.1153581,21.4477153 20.1153581,22 C20.1153581,22.5522847 19.6676429,23 19.1153581,23 L8,23 Z" fill="#000000" fill-rule="nonzero"></path></g></g></svg></div> <div class="pdl-product-detail_list-tooltip"><p>Add item to shopping list</p> <em></em></div></button></div></div></div> <!----></li> <!----><!----> <!----> <!----> <!----> <li tabindex="-1" data-product-id="306233" class="slot mobile-product-list-cell"><!----> <!----> <!----> <!----> <div class="mobile-product-list-cell_content"><div><!----> <div class="flag_outer-container"><!----> <!----> <!----> <!----></div></div> <div class="mobile-product-list-cell_left"><div><!----> <img src="data:image/svg+xml;base64,PD94bWwgdmVyc2lvbj0iMS4wIiBlbmNvZGluZz0idXRmLTgiPz4KPCEtLSBHZW5lcmF0ZWQgYnkgSWNvTW9vbi5pbyAtLT4KPCFET0NUWVBFIHN2ZyBQVUJMSUMgIi0vL1czQy8vRFREIFNWRyAxLjEvL0VOIiAiaHR0cDovL3d3dy53My5vcmcvR3JhcGhpY3MvU1ZHLzEuMS9EVEQvc3ZnMTEuZHRkIj4KPHN2ZyB2ZXJzaW9uPSIxLjEiIHhtbG5zPSJodHRwOi8vd3d3LnczLm9yZy8yMDAwL3N2ZyIgeG1sbnM6eGxpbms9Imh0dHA6Ly93d3cudzMub3JnLzE5OTkveGxpbmsiIHdpZHRoPSI0OCIgaGVpZ2h0PSI0OCIgdmlld0JveD0iMCAwIDQ4IDQ4Ij4KPGcgaWQ9Imljb21vb24taWdub3JlIj4KCTxsaW5lIHN0cm9rZS13aWR0aD0iMSIgeDE9IiIgeTE9IiIgeDI9IiIgeTI9IiIgc3Ryb2tlPSIjNDQ5RkRCIiBvcGFjaXR5PSIiPjwvbGluZT4KPC9nPgoJPHBhdGggZD0iTTM4LjQ4IDkuMDcwYzAuMjQ4IDAgMC40NSAwLjIwMiAwLjQ1IDAuNDV2MjguOTU5YzAgMC4yNDgtMC4yMDIgMC40NS0wLjQ1IDAuNDVoLTI4Ljk1OWMtMC4yNDggMC0wLjQ1LTAuMjAyLTAuNDUtMC40NXYtMjguOTU5YzAtMC4yNDggMC4yMDItMC40NSAwLjQ1LTAuNDVoMjguOTU5ek0zOC40OCA4aC0yOC45NTljLTAuODQgMC0xLjUyIDAuNjgxLTEuNTIgMS41MjF2MjguOTU5YzAgMC44NCAwLjY4MSAxLjUyMSAxLjUyIDEuNTIxaDI4Ljk1OWMwLjg0IDAgMS41Mi0wLjY4MSAxLjUyLTEuNTIxdi0yOC45NTljMC0wLjg0LTAuNjgxLTEuNTIxLTEuNTItMS41MjF2MHoiIG9wYWNpdHk9IjEiIHZpc2liaWxpdHk9ImZhbHNlIiBmaWxsPSIjZDdkN2Q3Ij48L3BhdGg+Cgk8cGF0aCBkPSJNMTIuMjI4IDM1LjIyNHYtMy4zMjljMC0wLjE0NSAwLjA1OC0wLjI4NSAwLjE2LTAuMzg4bDUuNTg3LTUuNTg3YzAuMjE0LTAuMjE0IDAuNTYxLTAuMjE0IDAuNzc1IDBsMi4xMTkgMi4xMTljMC4yMTQgMC4yMTQgMC41NjEgMC4yMTQgMC43NzUgMGw4LjE5MS04LjE5MmMwLjIxNC0wLjIxNCAwLjU2MS0wLjIxNCAwLjc3NSAwbDUgNWMwLjEwMyAwLjEwMyAwLjE2IDAuMjQyIDAuMTYgMC4zODh2OS45ODhjMCAwLjMwMy0wLjI0NSAwLjU0OC0wLjU0OCAwLjU0OGgtMjIuNDQ3Yy0wLjMwMyAwLTAuNTQ4LTAuMjQ1LTAuNTQ4LTAuNTQ4eiIgb3BhY2l0eT0iMSIgdmlzaWJpbGl0eT0iZmFsc2UiIGZpbGw9IiNkN2Q3ZDciPjwvcGF0aD4KCTxwYXRoIGQ9Ik0yMS41NDQgMTcuOTY3YzAgMS45ODItMS42MDYgMy41ODgtMy41ODggMy41ODhzLTMuNTg4LTEuNjA2LTMuNTg4LTMuNTg4YzAtMS45ODEgMS42MDYtMy41ODggMy41ODgtMy41ODhzMy41ODggMS42MDYgMy41ODggMy41ODh6IiBvcGFjaXR5PSIxIiB2aXNpYmlsaXR5PSJmYWxzZSIgZmlsbD0iI2Q3ZDdkNyI+PC9wYXRoPgo8L3N2Zz4K" alt="Starbucks Pike Place Medium Roast Ground Coffee K-Cups" skeleton-box-size="9rem" class="product-grid-image object-contain"></div></div> <div class="mobile-product-list-cell_info"><div class="product-tile_detail"><div class="skeleton-loader_wrapper cursor-pointer"><div class="product-grid-cell_price-container product-grid-cell_price-container--mobile"><span class="product-grid-cell_main-price"><!---->
    $33.49
  </span> <!----></div> <!----></div> <!----></div> <div class="mobile-product-list-cell_name-content"><div class="skeleton-loader_wrapper"><div class="product-grid-cell_name"><a id="product-name-306233-16760862336615203" href="#" data-opens-modal="true" aria-haspopup="dialog" class="product-grid-cell_name-text product-grid-cell_name-text--clamp-2"><!---->
    Starbucks Pike Place Medium Roast Ground Coffee K-Cups
  </a></div> <!----> <!----></div> <div class="skeleton-loader_wrapper"><div class="product-grid-cell_sizes"><span class="product-grid-cell_size">
    44 CT BOX
  </span> <span aria-hidden="true">
    |
  </span> <!----> <span class="product-grid-cell_unit">
    $0.76 / EA
  </span></div> <!----></div> <!----> <!----> <!----> <!----> <!----> <!----> <!----></div> <div class="mobile-product-list-cell_bottom"><div class="mobile-product-list-cell_bottom_cart-ui-wrapper"><!----> <!----> <div class="pdl-add-to-cart"><div class="pdl-add-to-cart_button"><button aria-label="Add to cart" data-product-id="306233" data-price="33.49" class="button button--add-to-cart">
      Add to cart
      <!----></button> <!----> <!----> <!----></div> <!----></div></div> <!----></div></div></div> <div class="product-tile_action-items"><!----> <!----> <div class="shopping-list-menu_container"><div class="relative-el"><button aria-label="add to shopping list" class="button pdl-product-detail_top-icon button--fourth pdl-product-detail_top-icon--borderless"><!----> <div class="vector-icon-size--large"><svg xmlns="http://www.w3.org/2000/svg" aria-label="Shopping List Icon Add" viewBox="0 0 32 32" role="presentation" aria-hidden="true" focusable="false" class="vector-icon-color--dark-grey"><title lang="en">Shopping List Icon Add</title><desc></desc><g fill="" stroke=""><g><path d="M21.94066,15.3368884 L21.94066,12.8931995 C21.94066,12.3409148 22.3883752,11.8931995 22.94066,11.8931995 C23.4929447,11.8931995 23.94066,12.3409148 23.94066,12.8931995 L23.94066,15.3368884 L26.2522624,15.3368884 C26.8045471,15.3368884 27.2522624,15.7846037 27.2522624,16.3368884 C27.2522624,16.8891732 26.8045471,17.3368884 26.2522624,17.3368884 L23.94066,17.3368884 L23.94066,19.8787952 C23.94066,20.43108 23.4929447,20.8787952 22.94066,20.8787952 C22.3883752,20.8787952 21.94066,20.43108 21.94066,19.8787952 L21.94066,17.3368884 L19.2666667,17.3368884 C18.7143819,17.3368884 18.2666667,16.8891732 18.2666667,16.3368884 C18.2666667,15.7846037 18.7143819,15.3368884 19.2666667,15.3368884 L21.94066,15.3368884 Z M8,12 C7.44771525,12 7,11.5522847 7,11 C7,10.4477153 7.44771525,10 8,10 L19.1153581,10 C19.6676429,10 20.1153581,10.4477153 20.1153581,11 C20.1153581,11.5522847 19.6676429,12 19.1153581,12 L8,12 Z M8,17.3368884 C7.44771525,17.3368884 7,16.8891732 7,16.3368884 C7,15.7846037 7.44771525,15.3368884 8,15.3368884 L14.7200696,15.3368884 C15.2723543,15.3368884 15.7200696,15.7846037 15.7200696,16.3368884 C15.7200696,16.8891732 15.2723543,17.3368884 14.7200696,17.3368884 L8,17.3368884 Z M8,23 C7.44771525,23 7,22.5522847 7,22 C7,21.4477153 7.44771525,21 8,21 L19.1153581,21 C19.6676429,21 20.1153581,21.4477153 20.1153581,22 C20.1153581,22.5522847 19.6676429,23 19.1153581,23 L8,23 Z" fill="#000000" fill-rule="nonzero"></path></g></g></svg></div> <div class="pdl-product-detail_list-tooltip"><p>Add item to shopping list</p> <em></em></div></button></div></div></div> <!----></li> <!----><!----> <!----> <!----> <!----> <li tabindex="-1" data-product-id="23976" class="slot mobile-product-list-cell"><!----> <!----> <!----> <!----> <div class="mobile-product-list-cell_content"><div><!----> <div class="flag_outer-container"><div class=""><svg xmlns="http://www.w3.org/2000/svg" aria-label="Sale" viewBox="0 0 32 32" role="presentation" aria-hidden="true" focusable="false" class="w-20 ml-3"><title lang="en">Sale</title><desc></desc><g fill="" stroke=""><g><path d="M16.56 19.87a3.81 3.81 0 0 1-1-.13l-13.39-3.5a1.5 1.5 0 0 1-1.12-1.34l-.81-11a1.52 1.52 0 0 1 1.39-1.61l27.69-2h.11a1.51 1.51 0 0 1 1.5 1.4l.82 11a1.52 1.52 0 0 1-.91 1.5l-12.72 5.36a3.79 3.79 0 0 1-1.56.32Z" fill="#ed1256"></path><path fill="#fff" d="M29.43.48a1.26 1.26 0 0 1 1.26 1.17l.82 11a1.27 1.27 0 0 1-.76 1.26L18 19.34a3.72 3.72 0 0 1-1.47.3 3.79 3.79 0 0 1-.94-.12L2.24 16a1.27 1.27 0 0 1-1-1.13l-.81-11a1.26 1.26 0 0 1 1.22-1.33L29.34.48h.09m0-.48h-.13L1.62 2A1.76 1.76 0 0 0 0 3.92l.82 11a1.73 1.73 0 0 0 1.3 1.55L15.5 20a4.3 4.3 0 0 0 1.07.14 4.24 4.24 0 0 0 1.65-.34l12.72-5.44A1.76 1.76 0 0 0 32 12.59l-.82-11A1.76 1.76 0 0 0 29.43 0Z"></path><path fill="#fff" d="M3.74 9.87a3 3 0 0 0 .82.55 2.21 2.21 0 0 0 1.08.19 1.6 1.6 0 0 0 .29 0 1 1 0 0 0 .26-.12.58.58 0 0 0 .18-.2.62.62 0 0 0 0-.31.59.59 0 0 0-.32-.49 3.38 3.38 0 0 0-.85-.34L4.84 9a4.19 4.19 0 0 1-.69-.26 2.44 2.44 0 0 1-.63-.41 1.92 1.92 0 0 1-.7-1.42 2.68 2.68 0 0 1 .1-1A2.2 2.2 0 0 1 3.39 5a2.42 2.42 0 0 1 .82-.6 3.15 3.15 0 0 1 1.17-.28 3.68 3.68 0 0 1 1.72.24 3 3 0 0 1 .57.29A2.66 2.66 0 0 1 8 5l-.82 1.37a4.42 4.42 0 0 0-.82-.45 2 2 0 0 0-.85-.13 1.4 1.4 0 0 0-.28.06A.9.9 0 0 0 5 6a.62.62 0 0 0-.16.2.5.5 0 0 0 0 .28.6.6 0 0 0 .1.31.68.68 0 0 0 .24.2 1.27 1.27 0 0 0 .35.15l.43.13.35.09a7.49 7.49 0 0 1 .69.22 2.2 2.2 0 0 1 .72.42 2.46 2.46 0 0 1 .54.68 2.31 2.31 0 0 1 .27 1 2.15 2.15 0 0 1-.15 1 2.53 2.53 0 0 1-.56.84 2.77 2.77 0 0 1-.88.59 4 4 0 0 1-1.11.27A4.67 4.67 0 0 1 4 12.25a3.79 3.79 0 0 1-1.28-.75ZM11.29 3.89l2.17-.16 3.1 7.7-2 .15L14 10l-2.39.18-.35 1.67-2 .14Zm2.15 4.6-1-2.84-.61 2.95ZM17 3.47l1.89-.14.44 6 3.3-.25.16 1.92-5.19.39ZM23.36 3l5.13-.38.13 1.8-3.24.24.09 1.22 2.66-.2.12 1.7-2.65.2.09 1.35 3.46-.26.13 1.81-5.34.4Z"></path></g></g></svg></div> <!----> <!----> <!----></div></div> <div class="mobile-product-list-cell_left"><div><!----> <img src="data:image/svg+xml;base64,PD94bWwgdmVyc2lvbj0iMS4wIiBlbmNvZGluZz0idXRmLTgiPz4KPCEtLSBHZW5lcmF0ZWQgYnkgSWNvTW9vbi5pbyAtLT4KPCFET0NUWVBFIHN2ZyBQVUJMSUMgIi0vL1czQy8vRFREIFNWRyAxLjEvL0VOIiAiaHR0cDovL3d3dy53My5vcmcvR3JhcGhpY3MvU1ZHLzEuMS9EVEQvc3ZnMTEuZHRkIj4KPHN2ZyB2ZXJzaW9uPSIxLjEiIHhtbG5zPSJodHRwOi8vd3d3LnczLm9yZy8yMDAwL3N2ZyIgeG1sbnM6eGxpbms9Imh0dHA6Ly93d3cudzMub3JnLzE5OTkveGxpbmsiIHdpZHRoPSI0OCIgaGVpZ2h0PSI0OCIgdmlld0JveD0iMCAwIDQ4IDQ4Ij4KPGcgaWQ9Imljb21vb24taWdub3JlIj4KCTxsaW5lIHN0cm9rZS13aWR0aD0iMSIgeDE9IiIgeTE9IiIgeDI9IiIgeTI9IiIgc3Ryb2tlPSIjNDQ5RkRCIiBvcGFjaXR5PSIiPjwvbGluZT4KPC9nPgoJPHBhdGggZD0iTTM4LjQ4IDkuMDcwYzAuMjQ4IDAgMC40NSAwLjIwMiAwLjQ1IDAuNDV2MjguOTU5YzAgMC4yNDgtMC4yMDIgMC40NS0wLjQ1IDAuNDVoLTI4Ljk1OWMtMC4yNDggMC0wLjQ1LTAuMjAyLTAuNDUtMC40NXYtMjguOTU5YzAtMC4yNDggMC4yMDItMC40NSAwLjQ1LTAuNDVoMjguOTU5ek0zOC40OCA4aC0yOC45NTljLTAuODQgMC0xLjUyIDAuNjgxLTEuNTIgMS41MjF2MjguOTU5YzAgMC44NCAwLjY4MSAxLjUyMSAxLjUyIDEuNTIxaDI4Ljk1OWMwLjg0IDAgMS41Mi0wLjY4MSAxLjUyLTEuNTIxdi0yOC45NTljMC0wLjg0LTAuNjgxLTEuNTIxLTEuNTItMS41MjF2MHoiIG9wYWNpdHk9IjEiIHZpc2liaWxpdHk9ImZhbHNlIiBmaWxsPSIjZDdkN2Q3Ij48L3BhdGg+Cgk8cGF0aCBkPSJNMTIuMjI4IDM1LjIyNHYtMy4zMjljMC0wLjE0NSAwLjA1OC0wLjI4NSAwLjE2LTAuMzg4bDUuNTg3LTUuNTg3YzAuMjE0LTAuMjE0IDAuNTYxLTAuMjE0IDAuNzc1IDBsMi4xMTkgMi4xMTljMC4yMTQgMC4yMTQgMC41NjEgMC4yMTQgMC43NzUgMGw4LjE5MS04LjE5MmMwLjIxNC0wLjIxNCAwLjU2MS0wLjIxNCAwLjc3NSAwbDUgNWMwLjEwMyAwLjEwMyAwLjE2IDAuMjQyIDAuMTYgMC4zODh2OS45ODhjMCAwLjMwMy0wLjI0NSAwLjU0OC0wLjU0OCAwLjU0OGgtMjIuNDQ3Yy0wLjMwMyAwLTAuNTQ4LTAuMjQ1LTAuNTQ4LTAuNTQ4eiIgb3BhY2l0eT0iMSIgdmlzaWJpbGl0eT0iZmFsc2UiIGZpbGw9IiNkN2Q3ZDciPjwvcGF0aD4KCTxwYXRoIGQ9Ik0yMS41NDQgMTcuOTY3YzAgMS45ODItMS42MDYgMy41ODgtMy41ODggMy41ODhzLTMuNTg4LTEuNjA2LTMuNTg4LTMuNTg4YzAtMS45ODEgMS42MDYtMy41ODggMy41ODgtMy41ODhzMy41ODggMS42MDYgMy41ODggMy41ODh6IiBvcGFjaXR5PSIxIiB2aXNpYmlsaXR5PSJmYWxzZSIgZmlsbD0iI2Q3ZDdkNyI+PC9wYXRoPgo8L3N2Zz4K" alt="Heineken Beer - 12 pk" skeleton-box-size="9rem" class="product-grid-image object-contain"></div></div> <div class="mobile-product-list-cell_info"><div class="product-tile_detail"><div class="skeleton-loader_wrapper cursor-pointer"><div class="product-grid-cell_price-container product-grid-cell_price-container_column product-grid-cell_price-container--mobile"><span class="product-grid-cell_main-price product-grid-cell_main-price--on-sale"><span class="sr-only">
      Sale Price
    </span>
    $16.99
  </span> <div class="product-grid-cell_was-container"><span class="product-grid-cell_regular-price product-grid-cell_regular-price--small"><span class="sr-only">
        Original Price
      </span>
      $19.99
    </span></div></div> <!----></div> <!----></div> <div class="mobile-product-list-cell_name-content"><div class="skeleton-loader_wrapper"><div class="product-grid-cell_name"><a id="product-name-23976-16760862336645347" href="#" data-opens-modal="true" aria-haspopup="dialog" class="product-grid-cell_name-text product-grid-cell_name-text--clamp-2"><!---->
    Heineken Beer - 12 pk
  </a></div> <!----> <!----></div> <div class="skeleton-loader_wrapper"><div class="product-grid-cell_sizes"><span class="product-grid-cell_size">
    12 OZ BTL
  </span> <span aria-hidden="true">
    |
  </span> <!----> <span class="product-grid-cell_unit">
    $0.12 / OZ
  </span></div> <!----></div> <!----> <!----> <!----> <!----> <!----> <!----> <!----></div> <div class="mobile-product-list-cell_bottom"><div class="mobile-product-list-cell_bottom_cart-ui-wrapper"><!----> <!----> <div class="pdl-add-to-cart"><div class="pdl-add-to-cart_button"><button aria-label="Add to cart" data-product-id="23976" data-price="16.99" class="button button--add-to-cart add-sale">
      Add to cart
      <!----></button> <!----> <!----> <!----></div> <!----></div></div> <!----></div></div></div> <div class="product-tile_action-items"><!----> <!----> <div class="shopping-list-menu_container"><div class="relative-el"><button aria-label="add to shopping list" class="button pdl-product-detail_top-icon button--fourth pdl-product-detail_top-icon--borderless"><!----> <div class="vector-icon-size--large"><svg xmlns="http://www.w3.org/2000/svg" aria-label="Shopping List Icon Add" viewBox="0 0 32 32" role="presentation" aria-hidden="true" focusable="false" class="vector-icon-color--dark-grey"><title lang="en">Shopping List Icon Add</title><desc></desc><g fill="" stroke=""><g><path d="M21.94066,15.3368884 L21.94066,12.8931995 C21.94066,12.3409148 22.3883752,11.8931995 22.94066,11.8931995 C23.4929447,11.8931995 23.94066,12.3409148 23.94066,12.8931995 L23.94066,15.3368884 L26.2522624,15.3368884 C26.8045471,15.3368884 27.2522624,15.7846037 27.2522624,16.3368884 C27.2522624,16.8891732 26.8045471,17.3368884 26.2522624,17.3368884 L23.94066,17.3368884 L23.94066,19.8787952 C23.94066,20.43108 23.4929447,20.8787952 22.94066,20.8787952 C22.3883752,20.8787952 21.94066,20.43108 21.94066,19.8787952 L21.94066,17.3368884 L19.2666667,17.3368884 C18.7143819,17.3368884 18.2666667,16.8891732 18.2666667,16.3368884 C18.2666667,15.7846037 18.7143819,15.3368884 19.2666667,15.3368884 L21.94066,15.3368884 Z M8,12 C7.44771525,12 7,11.5522847 7,11 C7,10.4477153 7.44771525,10 8,10 L19.1153581,10 C19.6676429,10 20.1153581,10.4477153 20.1153581,11 C20.1153581,11.5522847 19.6676429,12 19.1153581,12 L8,12 Z M8,17.3368884 C7.44771525,17.3368884 7,16.8891732 7,16.3368884 C7,15.7846037 7.44771525,15.3368884 8,15.3368884 L14.7200696,15.3368884 C15.2723543,15.3368884 15.7200696,15.7846037 15.7200696,16.3368884 C15.7200696,16.8891732 15.2723543,17.3368884 14.7200696,17.3368884 L8,17.3368884 Z M8,23 C7.44771525,23 7,22.5522847 7,22 C7,21.4477153 7.44771525,21 8,21 L19.1153581,21 C19.6676429,21 20.1153581,21.4477153 20.1153581,22 C20.1153581,22.5522847 19.6676429,23 19.1153581,23 L8,23 Z" fill="#000000" fill-rule="nonzero"></path></g></g></svg></div> <div class="pdl-product-detail_list-tooltip"><p>Add item to shopping list</p> <em></em></div></button></div></div></div> <!----></li> <!----><!----> <!----> <!----> <!----> <li tabindex="-1" data-product-id="231485" class="slot mobile-product-list-cell"><!----> <!----> <!----> <!----> <div class="mobile-product-list-cell_content"><div><!----> <div class="flag_outer-container"><!----> <!----> <!----> <!----></div></div> <div class="mobile-product-list-cell_left"><div><!----> <img src="data:image/svg+xml;base64,PD94bWwgdmVyc2lvbj0iMS4wIiBlbmNvZGluZz0idXRmLTgiPz4KPCEtLSBHZW5lcmF0ZWQgYnkgSWNvTW9vbi5pbyAtLT4KPCFET0NUWVBFIHN2ZyBQVUJMSUMgIi0vL1czQy8vRFREIFNWRyAxLjEvL0VOIiAiaHR0cDovL3d3dy53My5vcmcvR3JhcGhpY3MvU1ZHLzEuMS9EVEQvc3ZnMTEuZHRkIj4KPHN2ZyB2ZXJzaW9uPSIxLjEiIHhtbG5zPSJodHRwOi8vd3d3LnczLm9yZy8yMDAwL3N2ZyIgeG1sbnM6eGxpbms9Imh0dHA6Ly93d3cudzMub3JnLzE5OTkveGxpbmsiIHdpZHRoPSI0OCIgaGVpZ2h0PSI0OCIgdmlld0JveD0iMCAwIDQ4IDQ4Ij4KPGcgaWQ9Imljb21vb24taWdub3JlIj4KCTxsaW5lIHN0cm9rZS13aWR0aD0iMSIgeDE9IiIgeTE9IiIgeDI9IiIgeTI9IiIgc3Ryb2tlPSIjNDQ5RkRCIiBvcGFjaXR5PSIiPjwvbGluZT4KPC9nPgoJPHBhdGggZD0iTTM4LjQ4IDkuMDcwYzAuMjQ4IDAgMC40NSAwLjIwMiAwLjQ1IDAuNDV2MjguOTU5YzAgMC4yNDgtMC4yMDIgMC40NS0wLjQ1IDAuNDVoLTI4Ljk1OWMtMC4yNDggMC0wLjQ1LTAuMjAyLTAuNDUtMC40NXYtMjguOTU5YzAtMC4yNDggMC4yMDItMC40NSAwLjQ1LTAuNDVoMjguOTU5ek0zOC40OCA4aC0yOC45NTljLTAuODQgMC0xLjUyIDAuNjgxLTEuNTIgMS41MjF2MjguOTU5YzAgMC44NCAwLjY4MSAxLjUyMSAxLjUyIDEuNTIxaDI4Ljk1OWMwLjg0IDAgMS41Mi0wLjY4MSAxLjUyLTEuNTIxdi0yOC45NTljMC0wLjg0LTAuNjgxLTEuNTIxLTEuNTItMS41MjF2MHoiIG9wYWNpdHk9IjEiIHZpc2liaWxpdHk9ImZhbHNlIiBmaWxsPSIjZDdkN2Q3Ij48L3BhdGg+Cgk8cGF0aCBkPSJNMTIuMjI4IDM1LjIyNHYtMy4zMjljMC0wLjE0NSAwLjA1OC0wLjI4NSAwLjE2LTAuMzg4bDUuNTg3LTUuNTg3YzAuMjE0LTAuMjE0IDAuNTYxLTAuMjE0IDAuNzc1IDBsMi4xMTkgMi4xMTljMC4yMTQgMC4yMTQgMC41NjEgMC4yMTQgMC43NzUgMGw4LjE5MS04LjE5MmMwLjIxNC0wLjIxNCAwLjU2MS0wLjIxNCAwLjc3NSAwbDUgNWMwLjEwMyAwLjEwMyAwLjE2IDAuMjQyIDAuMTYgMC4zODh2OS45ODhjMCAwLjMwMy0wLjI0NSAwLjU0OC0wLjU0OCAwLjU0OGgtMjIuNDQ3Yy0wLjMwMyAwLTAuNTQ4LTAuMjQ1LTAuNTQ4LTAuNTQ4eiIgb3BhY2l0eT0iMSIgdmlzaWJpbGl0eT0iZmFsc2UiIGZpbGw9IiNkN2Q3ZDciPjwvcGF0aD4KCTxwYXRoIGQ9Ik0yMS41NDQgMTcuOTY3YzAgMS45ODItMS42MDYgMy41ODgtMy41ODggMy41ODhzLTMuNTg4LTEuNjA2LTMuNTg4LTMuNTg4YzAtMS45ODEgMS42MDYtMy41ODggMy41ODgtMy41ODhzMy41ODggMS42MDYgMy41ODggMy41ODh6IiBvcGFjaXR5PSIxIiB2aXNpYmlsaXR5PSJmYWxzZSIgZmlsbD0iI2Q3ZDdkNyI+PC9wYXRoPgo8L3N2Zz4K" alt="Pampers Easy Ups 3T-4T Training Underwear Girls 30-40 lbs" skeleton-box-size="9rem" class="product-grid-image object-contain"></div></div> <div class="mobile-product-list-cell_info"><div class="product-tile_detail"><div class="skeleton-loader_wrapper cursor-pointer"><div class="product-grid-cell_price-container product-grid-cell_price-container--mobile"><span class="product-grid-cell_main-price"><!---->
    $11.49
  </span> <!----></div> <!----></div> <!----></div> <div class="mobile-product-list-cell_name-content"><div class="skeleton-loader_wrapper"><div class="product-grid-cell_name"><a id="product-name-231485-16760862336670294" href="#" data-opens-modal="true" aria-haspopup="dialog" class="product-grid-cell_name-text product-grid-cell_name-text--clamp-2"><!---->
    Pampers Easy Ups 3T-4T Training Underwear Girls 30-40 lbs
  </a></div> <!----> <!----></div> <div class="skeleton-loader_wrapper"><div class="product-grid-cell_sizes"><span class="product-grid-cell_size">
    22 CT PKG
  </span> <span aria-hidden="true">
    |
  </span> <!----> <span class="product-grid-cell_unit">
    $0.52 / EA
  </span></div> <!----></div> <!----> <!----> <!----> <!----> <!----> <!----> <!----></div> <div class="mobile-product-list-cell_bottom"><div class="mobile-product-list-cell_bottom_cart-ui-wrapper"><!----> <!----> <div class="pdl-add-to-cart"><div class="pdl-add-to-cart_button"><button aria-label="Add to cart" data-product-id="231485" data-price="11.49" class="button button--add-to-cart">
      Add to cart
      <!----></button> <!----> <!----> <!----></div> <!----></div></div> <!----></div></div></div> <div class="product-tile_action-items"><!----> <!----> <div class="shopping-list-menu_container"><div class="relative-el"><button aria-label="add to shopping list" class="button pdl-product-detail_top-icon button--fourth pdl-product-detail_top-icon--borderless"><!----> <div class="vector-icon-size--large"><svg xmlns="http://www.w3.org/2000/svg" aria-label="Shopping List Icon Add" viewBox="0 0 32 32" role="presentation" aria-hidden="true" focusable="false" class="vector-icon-color--dark-grey"><title lang="en">Shopping List Icon Add</title><desc></desc><g fill="" stroke=""><g><path d="M21.94066,15.3368884 L21.94066,12.8931995 C21.94066,12.3409148 22.3883752,11.8931995 22.94066,11.8931995 C23.4929447,11.8931995 23.94066,12.3409148 23.94066,12.8931995 L23.94066,15.3368884 L26.2522624,15.3368884 C26.8045471,15.3368884 27.2522624,15.7846037 27.2522624,16.3368884 C27.2522624,16.8891732 26.8045471,17.3368884 26.2522624,17.3368884 L23.94066,17.3368884 L23.94066,19.8787952 C23.94066,20.43108 23.4929447,20.8787952 22.94066,20.8787952 C22.3883752,20.8787952 21.94066,20.43108 21.94066,19.8787952 L21.94066,17.3368884 L19.2666667,17.3368884 C18.7143819,17.3368884 18.2666667,16.8891732 18.2666667,16.3368884 C18.2666667,15.7846037 18.7143819,15.3368884 19.2666667,15.3368884 L21.94066,15.3368884 Z M8,12 C7.44771525,12 7,11.5522847 7,11 C7,10.4477153 7.44771525,10 8,10 L19.1153581,10 C19.6676429,10 20.1153581,10.4477153 20.1153581,11 C20.1153581,11.5522847 19.6676429,12 19.1153581,12 L8,12 Z M8,17.3368884 C7.44771525,17.3368884 7,16.8891732 7,16.3368884 C7,15.7846037 7.44771525,15.3368884 8,15.3368884 L14.7200696,15.3368884 C15.2723543,15.3368884 15.7200696,15.7846037 15.7200696,16.3368884 C15.7200696,16.8891732 15.2723543,17.3368884 14.7200696,17.3368884 L8,17.3368884 Z M8,23 C7.44771525,23 7,22.5522847 7,22 C7,21.4477153 7.44771525,21 8,21 L19.1153581,21 C19.6676429,21 20.1153581,21.4477153 20.1153581,22 C20.1153581,22.5522847 19.6676429,23 19.1153581,23 L8,23 Z" fill="#000000" fill-rule="nonzero"></path></g></g></svg></div> <div class="pdl-product-detail_list-tooltip"><p>Add item to shopping list</p> <em></em></div></button></div></div></div> <!----></li> <!----><!----> <!----> <!----> <!----> <li tabindex="-1" data-product-id="281446" class="slot mobile-product-list-cell"><!----> <!----> <!----> <!----> <div class="mobile-product-list-cell_content"><div><!----> <div class="flag_outer-container"><!----> <!----> <!----> <!----></div></div> <div class="mobile-product-list-cell_left"><div><!----> <img src="data:image/svg+xml;base64,PD94bWwgdmVyc2lvbj0iMS4wIiBlbmNvZGluZz0idXRmLTgiPz4KPCEtLSBHZW5lcmF0ZWQgYnkgSWNvTW9vbi5pbyAtLT4KPCFET0NUWVBFIHN2ZyBQVUJMSUMgIi0vL1czQy8vRFREIFNWRyAxLjEvL0VOIiAiaHR0cDovL3d3dy53My5vcmcvR3JhcGhpY3MvU1ZHLzEuMS9EVEQvc3ZnMTEuZHRkIj4KPHN2ZyB2ZXJzaW9uPSIxLjEiIHhtbG5zPSJodHRwOi8vd3d3LnczLm9yZy8yMDAwL3N2ZyIgeG1sbnM6eGxpbms9Imh0dHA6Ly93d3cudzMub3JnLzE5OTkveGxpbmsiIHdpZHRoPSI0OCIgaGVpZ2h0PSI0OCIgdmlld0JveD0iMCAwIDQ4IDQ4Ij4KPGcgaWQ9Imljb21vb24taWdub3JlIj4KCTxsaW5lIHN0cm9rZS13aWR0aD0iMSIgeDE9IiIgeTE9IiIgeDI9IiIgeTI9IiIgc3Ryb2tlPSIjNDQ5RkRCIiBvcGFjaXR5PSIiPjwvbGluZT4KPC9nPgoJPHBhdGggZD0iTTM4LjQ4IDkuMDcwYzAuMjQ4IDAgMC40NSAwLjIwMiAwLjQ1IDAuNDV2MjguOTU5YzAgMC4yNDgtMC4yMDIgMC40NS0wLjQ1IDAuNDVoLTI4Ljk1OWMtMC4yNDggMC0wLjQ1LTAuMjAyLTAuNDUtMC40NXYtMjguOTU5YzAtMC4yNDggMC4yMDItMC40NSAwLjQ1LTAuNDVoMjguOTU5ek0zOC40OCA4aC0yOC45NTljLTAuODQgMC0xLjUyIDAuNjgxLTEuNTIgMS41MjF2MjguOTU5YzAgMC44NCAwLjY4MSAxLjUyMSAxLjUyIDEuNTIxaDI4Ljk1OWMwLjg0IDAgMS41Mi0wLjY4MSAxLjUyLTEuNTIxdi0yOC45NTljMC0wLjg0LTAuNjgxLTEuNTIxLTEuNTItMS41MjF2MHoiIG9wYWNpdHk9IjEiIHZpc2liaWxpdHk9ImZhbHNlIiBmaWxsPSIjZDdkN2Q3Ij48L3BhdGg+Cgk8cGF0aCBkPSJNMTIuMjI4IDM1LjIyNHYtMy4zMjljMC0wLjE0NSAwLjA1OC0wLjI4NSAwLjE2LTAuMzg4bDUuNTg3LTUuNTg3YzAuMjE0LTAuMjE0IDAuNTYxLTAuMjE0IDAuNzc1IDBsMi4xMTkgMi4xMTljMC4yMTQgMC4yMTQgMC41NjEgMC4yMTQgMC43NzUgMGw4LjE5MS04LjE5MmMwLjIxNC0wLjIxNCAwLjU2MS0wLjIxNCAwLjc3NSAwbDUgNWMwLjEwMyAwLjEwMyAwLjE2IDAuMjQyIDAuMTYgMC4zODh2OS45ODhjMCAwLjMwMy0wLjI0NSAwLjU0OC0wLjU0OCAwLjU0OGgtMjIuNDQ3Yy0wLjMwMyAwLTAuNTQ4LTAuMjQ1LTAuNTQ4LTAuNTQ4eiIgb3BhY2l0eT0iMSIgdmlzaWJpbGl0eT0iZmFsc2UiIGZpbGw9IiNkN2Q3ZDciPjwvcGF0aD4KCTxwYXRoIGQ9Ik0yMS41NDQgMTcuOTY3YzAgMS45ODItMS42MDYgMy41ODgtMy41ODggMy41ODhzLTMuNTg4LTEuNjA2LTMuNTg4LTMuNTg4YzAtMS45ODEgMS42MDYtMy41ODggMy41ODgtMy41ODhzMy41ODggMS42MDYgMy41ODggMy41ODh6IiBvcGFjaXR5PSIxIiB2aXNpYmlsaXR5PSJmYWxzZSIgZmlsbD0iI2Q3ZDdkNyI+PC9wYXRoPgo8L3N2Zz4K" alt="Pampers Cruisers 360 Fit Size 6 Diapers 35+ lbs" skeleton-box-size="9rem" class="product-grid-image object-contain"></div></div> <div class="mobile-product-list-cell_info"><div class="product-tile_detail"><div class="skeleton-loader_wrapper cursor-pointer"><div class="product-grid-cell_price-container product-grid-cell_price-container--mobile"><span class="product-grid-cell_main-price"><!---->
    $31.99
  </span> <!----></div> <!----></div> <!----></div> <div class="mobile-product-list-cell_name-content"><div class="skeleton-loader_wrapper"><div class="product-grid-cell_name"><a id="product-name-281446-16760862336690647" href="#" data-opens-modal="true" aria-haspopup="dialog" class="product-grid-cell_name-text product-grid-cell_name-text--clamp-2"><!---->
    Pampers Cruisers 360 Fit Size 6 Diapers 35+ lbs
  </a></div> <!----> <!----></div> <div class="skeleton-loader_wrapper"><div class="product-grid-cell_sizes"><span class="product-grid-cell_size">
    48 CT BOX
  </span> <span aria-hidden="true">
    |
  </span> <!----> <span class="product-grid-cell_unit">
    $0.67 / EA
  </span></div> <!----></div> <!----> <div id="coupon-link-281446-16760862336690647" tabindex="0" role="link" aria-label="Open coupon details" data-opens-modal="true" class="product-tile_coupon-offer product-tile_coupon-offer-clippable product-tile_coupon-offer--mobile" is-mobile="true"><div class="product-tile_coupon-offer-display"><div class="vector-icon-size--xsmall margin-right--half"><svg xmlns="http://www.w3.org/2000/svg" aria-label="PdlIconCouponScissor" viewBox="0 0 19 20" role="presentation" aria-hidden="true" focusable="false" class="vector-icon-stroke--coupon"><title lang="en">PdlIconCouponScissor</title><desc></desc><g fill="" stroke=""><path d="M9.622 9.622 6.444 6.444a3.19 3.19 0 1 1-4.51-4.51 3.19 3.19 0 0 1 4.51 4.51l3.178 3.178 7.688-7.688-7.688 7.688Zm0 0 7.688 7.688-7.688-7.688L6.444 12.8l3.178-3.178ZM1.934 12.8a3.19 3.19 0 1 1 4.51 4.51 3.19 3.19 0 0 1-4.51-4.51Z" stroke="#007DA3" stroke-width="2" fill="none" fill-rule="evenodd" stroke-linecap="round" stroke-linejoin="round"></path></g></svg></div> <div class="vector-icon_mobile-center"><!----></div> <div class="product-tile_coupon-offer-name flex-center product-tile_coupon-offer-name--full-tile"><!---->
      Save $3.00
    </div></div> <!----> <div class="product-tile_coupon-offer-loading-coupon"><!----></div></div> <!----> <!----> <!----> <!----> <!----></div> <div class="mobile-product-list-cell_bottom"><div class="mobile-product-list-cell_bottom_cart-ui-wrapper"><!----> <!----> <div class="pdl-add-to-cart pdl-add-to-cart_coupon"><div class="pdl-add-to-cart_button"><button aria-label="Add to cart" data-product-id="281446" data-price="31.99" class="button button--add-to-cart">
      Add to cart
      <!----></button> <!----> <!----> <!----></div> <!----></div></div> <!----></div></div></div> <div class="product-tile_action-items"><!----> <!----> <div class="shopping-list-menu_container"><div class="relative-el"><button aria-label="add to shopping list" class="button pdl-product-detail_top-icon button--fourth pdl-product-detail_top-icon--borderless"><!----> <div class="vector-icon-size--large"><svg xmlns="http://www.w3.org/2000/svg" aria-label="Shopping List Icon Add" viewBox="0 0 32 32" role="presentation" aria-hidden="true" focusable="false" class="vector-icon-color--dark-grey"><title lang="en">Shopping List Icon Add</title><desc></desc><g fill="" stroke=""><g><path d="M21.94066,15.3368884 L21.94066,12.8931995 C21.94066,12.3409148 22.3883752,11.8931995 22.94066,11.8931995 C23.4929447,11.8931995 23.94066,12.3409148 23.94066,12.8931995 L23.94066,15.3368884 L26.2522624,15.3368884 C26.8045471,15.3368884 27.2522624,15.7846037 27.2522624,16.3368884 C27.2522624,16.8891732 26.8045471,17.3368884 26.2522624,17.3368884 L23.94066,17.3368884 L23.94066,19.8787952 C23.94066,20.43108 23.4929447,20.8787952 22.94066,20.8787952 C22.3883752,20.8787952 21.94066,20.43108 21.94066,19.8787952 L21.94066,17.3368884 L19.2666667,17.3368884 C18.7143819,17.3368884 18.2666667,16.8891732 18.2666667,16.3368884 C18.2666667,15.7846037 18.7143819,15.3368884 19.2666667,15.3368884 L21.94066,15.3368884 Z M8,12 C7.44771525,12 7,11.5522847 7,11 C7,10.4477153 7.44771525,10 8,10 L19.1153581,10 C19.6676429,10 20.1153581,10.4477153 20.1153581,11 C20.1153581,11.5522847 19.6676429,12 19.1153581,12 L8,12 Z M8,17.3368884 C7.44771525,17.3368884 7,16.8891732 7,16.3368884 C7,15.7846037 7.44771525,15.3368884 8,15.3368884 L14.7200696,15.3368884 C15.2723543,15.3368884 15.7200696,15.7846037 15.7200696,16.3368884 C15.7200696,16.8891732 15.2723543,17.3368884 14.7200696,17.3368884 L8,17.3368884 Z M8,23 C7.44771525,23 7,22.5522847 7,22 C7,21.4477153 7.44771525,21 8,21 L19.1153581,21 C19.6676429,21 20.1153581,21.4477153 20.1153581,22 C20.1153581,22.5522847 19.6676429,23 19.1153581,23 L8,23 Z" fill="#000000" fill-rule="nonzero"></path></g></g></svg></div> <div class="pdl-product-detail_list-tooltip"><p>Add item to shopping list</p> <em></em></div></button></div></div></div> <!----></li> <!----><!----> <!----> <!----> <!----> <li tabindex="-1" data-product-id="280588" class="slot mobile-product-list-cell"><!----> <!----> <!----> <!----> <div class="mobile-product-list-cell_content"><div><!----> <div class="flag_outer-container"><!----> <!----> <!----> <!----></div></div> <div class="mobile-product-list-cell_left"><div><!----> <img src="data:image/svg+xml;base64,PD94bWwgdmVyc2lvbj0iMS4wIiBlbmNvZGluZz0idXRmLTgiPz4KPCEtLSBHZW5lcmF0ZWQgYnkgSWNvTW9vbi5pbyAtLT4KPCFET0NUWVBFIHN2ZyBQVUJMSUMgIi0vL1czQy8vRFREIFNWRyAxLjEvL0VOIiAiaHR0cDovL3d3dy53My5vcmcvR3JhcGhpY3MvU1ZHLzEuMS9EVEQvc3ZnMTEuZHRkIj4KPHN2ZyB2ZXJzaW9uPSIxLjEiIHhtbG5zPSJodHRwOi8vd3d3LnczLm9yZy8yMDAwL3N2ZyIgeG1sbnM6eGxpbms9Imh0dHA6Ly93d3cudzMub3JnLzE5OTkveGxpbmsiIHdpZHRoPSI0OCIgaGVpZ2h0PSI0OCIgdmlld0JveD0iMCAwIDQ4IDQ4Ij4KPGcgaWQ9Imljb21vb24taWdub3JlIj4KCTxsaW5lIHN0cm9rZS13aWR0aD0iMSIgeDE9IiIgeTE9IiIgeDI9IiIgeTI9IiIgc3Ryb2tlPSIjNDQ5RkRCIiBvcGFjaXR5PSIiPjwvbGluZT4KPC9nPgoJPHBhdGggZD0iTTM4LjQ4IDkuMDcwYzAuMjQ4IDAgMC40NSAwLjIwMiAwLjQ1IDAuNDV2MjguOTU5YzAgMC4yNDgtMC4yMDIgMC40NS0wLjQ1IDAuNDVoLTI4Ljk1OWMtMC4yNDggMC0wLjQ1LTAuMjAyLTAuNDUtMC40NXYtMjguOTU5YzAtMC4yNDggMC4yMDItMC40NSAwLjQ1LTAuNDVoMjguOTU5ek0zOC40OCA4aC0yOC45NTljLTAuODQgMC0xLjUyIDAuNjgxLTEuNTIgMS41MjF2MjguOTU5YzAgMC44NCAwLjY4MSAxLjUyMSAxLjUyIDEuNTIxaDI4Ljk1OWMwLjg0IDAgMS41Mi0wLjY4MSAxLjUyLTEuNTIxdi0yOC45NTljMC0wLjg0LTAuNjgxLTEuNTIxLTEuNTItMS41MjF2MHoiIG9wYWNpdHk9IjEiIHZpc2liaWxpdHk9ImZhbHNlIiBmaWxsPSIjZDdkN2Q3Ij48L3BhdGg+Cgk8cGF0aCBkPSJNMTIuMjI4IDM1LjIyNHYtMy4zMjljMC0wLjE0NSAwLjA1OC0wLjI4NSAwLjE2LTAuMzg4bDUuNTg3LTUuNTg3YzAuMjE0LTAuMjE0IDAuNTYxLTAuMjE0IDAuNzc1IDBsMi4xMTkgMi4xMTljMC4yMTQgMC4yMTQgMC41NjEgMC4yMTQgMC43NzUgMGw4LjE5MS04LjE5MmMwLjIxNC0wLjIxNCAwLjU2MS0wLjIxNCAwLjc3NSAwbDUgNWMwLjEwMyAwLjEwMyAwLjE2IDAuMjQyIDAuMTYgMC4zODh2OS45ODhjMCAwLjMwMy0wLjI0NSAwLjU0OC0wLjU0OCAwLjU0OGgtMjIuNDQ3Yy0wLjMwMyAwLTAuNTQ4LTAuMjQ1LTAuNTQ4LTAuNTQ4eiIgb3BhY2l0eT0iMSIgdmlzaWJpbGl0eT0iZmFsc2UiIGZpbGw9IiNkN2Q3ZDciPjwvcGF0aD4KCTxwYXRoIGQ9Ik0yMS41NDQgMTcuOTY3YzAgMS45ODItMS42MDYgMy41ODgtMy41ODggMy41ODhzLTMuNTg4LTEuNjA2LTMuNTg4LTMuNTg4YzAtMS45ODEgMS42MDYtMy41ODggMy41ODgtMy41ODhzMy41ODggMS42MDYgMy41ODggMy41ODh6IiBvcGFjaXR5PSIxIiB2aXNpYmlsaXR5PSJmYWxzZSIgZmlsbD0iI2Q3ZDdkNyI+PC9wYXRoPgo8L3N2Zz4K" alt="Pampers Swaddlers Size 4 Diapers 22-37 lbs" skeleton-box-size="9rem" class="product-grid-image object-contain"></div></div> <div class="mobile-product-list-cell_info"><div class="product-tile_detail"><div class="skeleton-loader_wrapper cursor-pointer"><div class="product-grid-cell_price-container product-grid-cell_price-container--mobile"><span class="product-grid-cell_main-price"><!---->
    $49.99
  </span> <!----></div> <!----></div> <!----></div> <div class="mobile-product-list-cell_name-content"><div class="skeleton-loader_wrapper"><div class="product-grid-cell_name"><a id="product-name-280588-16760862336734868" href="#" data-opens-modal="true" aria-haspopup="dialog" class="product-grid-cell_name-text product-grid-cell_name-text--clamp-2"><!---->
    Pampers Swaddlers Size 4 Diapers 22-37 lbs
  </a></div> <!----> <!----></div> <div class="skeleton-loader_wrapper"><div class="product-grid-cell_sizes"><span class="product-grid-cell_size">
    120 CT BOX
  </span> <span aria-hidden="true">
    |
  </span> <!----> <span class="product-grid-cell_unit">
    $0.42 / EA
  </span></div> <!----></div> <!----> <div id="coupon-link-280588-16760862336734868" tabindex="0" role="link" aria-label="Open coupon details" data-opens-modal="true" class="product-tile_coupon-offer product-tile_coupon-offer-clippable product-tile_coupon-offer--mobile" is-mobile="true"><div class="product-tile_coupon-offer-display"><div class="vector-icon-size--xsmall margin-right--half"><svg xmlns="http://www.w3.org/2000/svg" aria-label="PdlIconCouponScissor" viewBox="0 0 19 20" role="presentation" aria-hidden="true" focusable="false" class="vector-icon-stroke--coupon"><title lang="en">PdlIconCouponScissor</title><desc></desc><g fill="" stroke=""><path d="M9.622 9.622 6.444 6.444a3.19 3.19 0 1 1-4.51-4.51 3.19 3.19 0 0 1 4.51 4.51l3.178 3.178 7.688-7.688-7.688 7.688Zm0 0 7.688 7.688-7.688-7.688L6.444 12.8l3.178-3.178ZM1.934 12.8a3.19 3.19 0 1 1 4.51 4.51 3.19 3.19 0 0 1-4.51-4.51Z" stroke="#007DA3" stroke-width="2" fill="none" fill-rule="evenodd" stroke-linecap="round" stroke-linejoin="round"></path></g></svg></div> <div class="vector-icon_mobile-center"><!----></div> <div class="product-tile_coupon-offer-name flex-center product-tile_coupon-offer-name--full-tile"><!---->
      Save $3.00
    </div></div> <!----> <div class="product-tile_coupon-offer-loading-coupon"><!----></div></div> <!----> <!----> <!----> <!----> <!----></div> <div class="mobile-product-list-cell_bottom"><div class="mobile-product-list-cell_bottom_cart-ui-wrapper"><!----> <!----> <div class="pdl-add-to-cart pdl-add-to-cart_coupon"><div class="pdl-add-to-cart_button"><button aria-label="Add to cart" data-product-id="280588" data-price="49.99" class="button button--add-to-cart">
      Add to cart
      <!----></button> <!----> <!----> <!----></div> <!----></div></div> <!----></div></div></div> <div class="product-tile_action-items"><!----> <!----> <div class="shopping-list-menu_container"><div class="relative-el"><button aria-label="add to shopping list" class="button pdl-product-detail_top-icon button--fourth pdl-product-detail_top-icon--borderless"><!----> <div class="vector-icon-size--large"><svg xmlns="http://www.w3.org/2000/svg" aria-label="Shopping List Icon Add" viewBox="0 0 32 32" role="presentation" aria-hidden="true" focusable="false" class="vector-icon-color--dark-grey"><title lang="en">Shopping List Icon Add</title><desc></desc><g fill="" stroke=""><g><path d="M21.94066,15.3368884 L21.94066,12.8931995 C21.94066,12.3409148 22.3883752,11.8931995 22.94066,11.8931995 C23.4929447,11.8931995 23.94066,12.3409148 23.94066,12.8931995 L23.94066,15.3368884 L26.2522624,15.3368884 C26.8045471,15.3368884 27.2522624,15.7846037 27.2522624,16.3368884 C27.2522624,16.8891732 26.8045471,17.3368884 26.2522624,17.3368884 L23.94066,17.3368884 L23.94066,19.8787952 C23.94066,20.43108 23.4929447,20.8787952 22.94066,20.8787952 C22.3883752,20.8787952 21.94066,20.43108 21.94066,19.8787952 L21.94066,17.3368884 L19.2666667,17.3368884 C18.7143819,17.3368884 18.2666667,16.8891732 18.2666667,16.3368884 C18.2666667,15.7846037 18.7143819,15.3368884 19.2666667,15.3368884 L21.94066,15.3368884 Z M8,12 C7.44771525,12 7,11.5522847 7,11 C7,10.4477153 7.44771525,10 8,10 L19.1153581,10 C19.6676429,10 20.1153581,10.4477153 20.1153581,11 C20.1153581,11.5522847 19.6676429,12 19.1153581,12 L8,12 Z M8,17.3368884 C7.44771525,17.3368884 7,16.8891732 7,16.3368884 C7,15.7846037 7.44771525,15.3368884 8,15.3368884 L14.7200696,15.3368884 C15.2723543,15.3368884 15.7200696,15.7846037 15.7200696,16.3368884 C15.7200696,16.8891732 15.2723543,17.3368884 14.7200696,17.3368884 L8,17.3368884 Z M8,23 C7.44771525,23 7,22.5522847 7,22 C7,21.4477153 7.44771525,21 8,21 L19.1153581,21 C19.6676429,21 20.1153581,21.4477153 20.1153581,22 C20.1153581,22.5522847 19.6676429,23 19.1153581,23 L8,23 Z" fill="#000000" fill-rule="nonzero"></path></g></g></svg></div> <div class="pdl-product-detail_list-tooltip"><p>Add item to shopping list</p> <em></em></div></button></div></div></div> <!----></li> <!----><!----> <!----> <!----> <!----> <li tabindex="-1" data-product-id="141152" class="slot mobile-product-list-cell"><!----> <!----> <!----> <!----> <div class="mobile-product-list-cell_content"><div><!----> <div class="flag_outer-container"><!----> <!----> <!----> <!----></div></div> <div class="mobile-product-list-cell_left"><div><!----> <img src="data:image/svg+xml;base64,PD94bWwgdmVyc2lvbj0iMS4wIiBlbmNvZGluZz0idXRmLTgiPz4KPCEtLSBHZW5lcmF0ZWQgYnkgSWNvTW9vbi5pbyAtLT4KPCFET0NUWVBFIHN2ZyBQVUJMSUMgIi0vL1czQy8vRFREIFNWRyAxLjEvL0VOIiAiaHR0cDovL3d3dy53My5vcmcvR3JhcGhpY3MvU1ZHLzEuMS9EVEQvc3ZnMTEuZHRkIj4KPHN2ZyB2ZXJzaW9uPSIxLjEiIHhtbG5zPSJodHRwOi8vd3d3LnczLm9yZy8yMDAwL3N2ZyIgeG1sbnM6eGxpbms9Imh0dHA6Ly93d3cudzMub3JnLzE5OTkveGxpbmsiIHdpZHRoPSI0OCIgaGVpZ2h0PSI0OCIgdmlld0JveD0iMCAwIDQ4IDQ4Ij4KPGcgaWQ9Imljb21vb24taWdub3JlIj4KCTxsaW5lIHN0cm9rZS13aWR0aD0iMSIgeDE9IiIgeTE9IiIgeDI9IiIgeTI9IiIgc3Ryb2tlPSIjNDQ5RkRCIiBvcGFjaXR5PSIiPjwvbGluZT4KPC9nPgoJPHBhdGggZD0iTTM4LjQ4IDkuMDcwYzAuMjQ4IDAgMC40NSAwLjIwMiAwLjQ1IDAuNDV2MjguOTU5YzAgMC4yNDgtMC4yMDIgMC40NS0wLjQ1IDAuNDVoLTI4Ljk1OWMtMC4yNDggMC0wLjQ1LTAuMjAyLTAuNDUtMC40NXYtMjguOTU5YzAtMC4yNDggMC4yMDItMC40NSAwLjQ1LTAuNDVoMjguOTU5ek0zOC40OCA4aC0yOC45NTljLTAuODQgMC0xLjUyIDAuNjgxLTEuNTIgMS41MjF2MjguOTU5YzAgMC44NCAwLjY4MSAxLjUyMSAxLjUyIDEuNTIxaDI4Ljk1OWMwLjg0IDAgMS41Mi0wLjY4MSAxLjUyLTEuNTIxdi0yOC45NTljMC0wLjg0LTAuNjgxLTEuNTIxLTEuNTItMS41MjF2MHoiIG9wYWNpdHk9IjEiIHZpc2liaWxpdHk9ImZhbHNlIiBmaWxsPSIjZDdkN2Q3Ij48L3BhdGg+Cgk8cGF0aCBkPSJNMTIuMjI4IDM1LjIyNHYtMy4zMjljMC0wLjE0NSAwLjA1OC0wLjI4NSAwLjE2LTAuMzg4bDUuNTg3LTUuNTg3YzAuMjE0LTAuMjE0IDAuNTYxLTAuMjE0IDAuNzc1IDBsMi4xMTkgMi4xMTljMC4yMTQgMC4yMTQgMC41NjEgMC4yMTQgMC43NzUgMGw4LjE5MS04LjE5MmMwLjIxNC0wLjIxNCAwLjU2MS0wLjIxNCAwLjc3NSAwbDUgNWMwLjEwMyAwLjEwMyAwLjE2IDAuMjQyIDAuMTYgMC4zODh2OS45ODhjMCAwLjMwMy0wLjI0NSAwLjU0OC0wLjU0OCAwLjU0OGgtMjIuNDQ3Yy0wLjMwMyAwLTAuNTQ4LTAuMjQ1LTAuNTQ4LTAuNTQ4eiIgb3BhY2l0eT0iMSIgdmlzaWJpbGl0eT0iZmFsc2UiIGZpbGw9IiNkN2Q3ZDciPjwvcGF0aD4KCTxwYXRoIGQ9Ik0yMS41NDQgMTcuOTY3YzAgMS45ODItMS42MDYgMy41ODgtMy41ODggMy41ODhzLTMuNTg4LTEuNjA2LTMuNTg4LTMuNTg4YzAtMS45ODEgMS42MDYtMy41ODggMy41ODgtMy41ODhzMy41ODggMS42MDYgMy41ODggMy41ODh6IiBvcGFjaXR5PSIxIiB2aXNpYmlsaXR5PSJmYWxzZSIgZmlsbD0iI2Q3ZDdkNyI+PC9wYXRoPgo8L3N2Zz4K" alt="Pampers Easy Ups PJ Masks 4T-5T Training Pants Boys 35+ lbs Jumbo Pack" skeleton-box-size="9rem" class="product-grid-image object-contain"></div></div> <div class="mobile-product-list-cell_info"><div class="product-tile_detail"><div class="skeleton-loader_wrapper cursor-pointer"><div class="product-grid-cell_price-container product-grid-cell_price-container--mobile"><span class="product-grid-cell_main-price"><!---->
    $11.49
  </span> <!----></div> <!----></div> <!----></div> <div class="mobile-product-list-cell_name-content"><div class="skeleton-loader_wrapper"><div class="product-grid-cell_name"><a id="product-name-141152-16760862336820983" href="#" data-opens-modal="true" aria-haspopup="dialog" class="product-grid-cell_name-text product-grid-cell_name-text--clamp-2"><!---->
    Pampers Easy Ups PJ Masks 4T-5T Training Pants Boys 35+ lbs Jumbo Pack
  </a></div> <!----> <!----></div> <div class="skeleton-loader_wrapper"><div class="product-grid-cell_sizes"><span class="product-grid-cell_size">
    18 CT PKG
  </span> <span aria-hidden="true">
    |
  </span> <!----> <span class="product-grid-cell_unit">
    $0.64 / EA
  </span></div> <!----></div> <!----> <!----> <!----> <!----> <!----> <!----> <!----></div> <div class="mobile-product-list-cell_bottom"><div class="mobile-product-list-cell_bottom_cart-ui-wrapper"><!----> <!----> <div class="pdl-add-to-cart"><div class="pdl-add-to-cart_button"><button aria-label="Add to cart" data-product-id="141152" data-price="11.49" class="button button--add-to-cart">
      Add to cart
      <!----></button> <!----> <!----> <!----></div> <!----></div></div> <!----></div></div></div> <div class="product-tile_action-items"><!----> <!----> <div class="shopping-list-menu_container"><div class="relative-el"><button aria-label="add to shopping list" class="button pdl-product-detail_top-icon button--fourth pdl-product-detail_top-icon--borderless"><!----> <div class="vector-icon-size--large"><svg xmlns="http://www.w3.org/2000/svg" aria-label="Shopping List Icon Add" viewBox="0 0 32 32" role="presentation" aria-hidden="true" focusable="false" class="vector-icon-color--dark-grey"><title lang="en">Shopping List Icon Add</title><desc></desc><g fill="" stroke=""><g><path d="M21.94066,15.3368884 L21.94066,12.8931995 C21.94066,12.3409148 22.3883752,11.8931995 22.94066,11.8931995 C23.4929447,11.8931995 23.94066,12.3409148 23.94066,12.8931995 L23.94066,15.3368884 L26.2522624,15.3368884 C26.8045471,15.3368884 27.2522624,15.7846037 27.2522624,16.3368884 C27.2522624,16.8891732 26.8045471,17.3368884 26.2522624,17.3368884 L23.94066,17.3368884 L23.94066,19.8787952 C23.94066,20.43108 23.4929447,20.8787952 22.94066,20.8787952 C22.3883752,20.8787952 21.94066,20.43108 21.94066,19.8787952 L21.94066,17.3368884 L19.2666667,17.3368884 C18.7143819,17.3368884 18.2666667,16.8891732 18.2666667,16.3368884 C18.2666667,15.7846037 18.7143819,15.3368884 19.2666667,15.3368884 L21.94066,15.3368884 Z M8,12 C7.44771525,12 7,11.5522847 7,11 C7,10.4477153 7.44771525,10 8,10 L19.1153581,10 C19.6676429,10 20.1153581,10.4477153 20.1153581,11 C20.1153581,11.5522847 19.6676429,12 19.1153581,12 L8,12 Z M8,17.3368884 C7.44771525,17.3368884 7,16.8891732 7,16.3368884 C7,15.7846037 7.44771525,15.3368884 8,15.3368884 L14.7200696,15.3368884 C15.2723543,15.3368884 15.7200696,15.7846037 15.7200696,16.3368884 C15.7200696,16.8891732 15.2723543,17.3368884 14.7200696,17.3368884 L8,17.3368884 Z M8,23 C7.44771525,23 7,22.5522847 7,22 C7,21.4477153 7.44771525,21 8,21 L19.1153581,21 C19.6676429,21 20.1153581,21.4477153 20.1153581,22 C20.1153581,22.5522847 19.6676429,23 19.1153581,23 L8,23 Z" fill="#000000" fill-rule="nonzero"></path></g></g></svg></div> <div class="pdl-product-detail_list-tooltip"><p>Add item to shopping list</p> <em></em></div></button></div></div></div> <!----></li> <!----><!----> <!----> <!----> <!----> <li tabindex="-1" data-product-id="136044" class="slot mobile-product-list-cell"><!----> <!----> <!----> <!----> <div class="mobile-product-list-cell_content"><div><!----> <div class="flag_outer-container"><div class=""><svg xmlns="http://www.w3.org/2000/svg" aria-label="Sale" viewBox="0 0 32 32" role="presentation" aria-hidden="true" focusable="false" class="w-20 ml-3"><title lang="en">Sale</title><desc></desc><g fill="" stroke=""><g><path d="M16.56 19.87a3.81 3.81 0 0 1-1-.13l-13.39-3.5a1.5 1.5 0 0 1-1.12-1.34l-.81-11a1.52 1.52 0 0 1 1.39-1.61l27.69-2h.11a1.51 1.51 0 0 1 1.5 1.4l.82 11a1.52 1.52 0 0 1-.91 1.5l-12.72 5.36a3.79 3.79 0 0 1-1.56.32Z" fill="#ed1256"></path><path fill="#fff" d="M29.43.48a1.26 1.26 0 0 1 1.26 1.17l.82 11a1.27 1.27 0 0 1-.76 1.26L18 19.34a3.72 3.72 0 0 1-1.47.3 3.79 3.79 0 0 1-.94-.12L2.24 16a1.27 1.27 0 0 1-1-1.13l-.81-11a1.26 1.26 0 0 1 1.22-1.33L29.34.48h.09m0-.48h-.13L1.62 2A1.76 1.76 0 0 0 0 3.92l.82 11a1.73 1.73 0 0 0 1.3 1.55L15.5 20a4.3 4.3 0 0 0 1.07.14 4.24 4.24 0 0 0 1.65-.34l12.72-5.44A1.76 1.76 0 0 0 32 12.59l-.82-11A1.76 1.76 0 0 0 29.43 0Z"></path><path fill="#fff" d="M3.74 9.87a3 3 0 0 0 .82.55 2.21 2.21 0 0 0 1.08.19 1.6 1.6 0 0 0 .29 0 1 1 0 0 0 .26-.12.58.58 0 0 0 .18-.2.62.62 0 0 0 0-.31.59.59 0 0 0-.32-.49 3.38 3.38 0 0 0-.85-.34L4.84 9a4.19 4.19 0 0 1-.69-.26 2.44 2.44 0 0 1-.63-.41 1.92 1.92 0 0 1-.7-1.42 2.68 2.68 0 0 1 .1-1A2.2 2.2 0 0 1 3.39 5a2.42 2.42 0 0 1 .82-.6 3.15 3.15 0 0 1 1.17-.28 3.68 3.68 0 0 1 1.72.24 3 3 0 0 1 .57.29A2.66 2.66 0 0 1 8 5l-.82 1.37a4.42 4.42 0 0 0-.82-.45 2 2 0 0 0-.85-.13 1.4 1.4 0 0 0-.28.06A.9.9 0 0 0 5 6a.62.62 0 0 0-.16.2.5.5 0 0 0 0 .28.6.6 0 0 0 .1.31.68.68 0 0 0 .24.2 1.27 1.27 0 0 0 .35.15l.43.13.35.09a7.49 7.49 0 0 1 .69.22 2.2 2.2 0 0 1 .72.42 2.46 2.46 0 0 1 .54.68 2.31 2.31 0 0 1 .27 1 2.15 2.15 0 0 1-.15 1 2.53 2.53 0 0 1-.56.84 2.77 2.77 0 0 1-.88.59 4 4 0 0 1-1.11.27A4.67 4.67 0 0 1 4 12.25a3.79 3.79 0 0 1-1.28-.75ZM11.29 3.89l2.17-.16 3.1 7.7-2 .15L14 10l-2.39.18-.35 1.67-2 .14Zm2.15 4.6-1-2.84-.61 2.95ZM17 3.47l1.89-.14.44 6 3.3-.25.16 1.92-5.19.39ZM23.36 3l5.13-.38.13 1.8-3.24.24.09 1.22 2.66-.2.12 1.7-2.65.2.09 1.35 3.46-.26.13 1.81-5.34.4Z"></path></g></g></svg></div> <!----> <!----> <!----></div></div> <div class="mobile-product-list-cell_left"><div><!----> <img src="data:image/svg+xml;base64,PD94bWwgdmVyc2lvbj0iMS4wIiBlbmNvZGluZz0idXRmLTgiPz4KPCEtLSBHZW5lcmF0ZWQgYnkgSWNvTW9vbi5pbyAtLT4KPCFET0NUWVBFIHN2ZyBQVUJMSUMgIi0vL1czQy8vRFREIFNWRyAxLjEvL0VOIiAiaHR0cDovL3d3dy53My5vcmcvR3JhcGhpY3MvU1ZHLzEuMS9EVEQvc3ZnMTEuZHRkIj4KPHN2ZyB2ZXJzaW9uPSIxLjEiIHhtbG5zPSJodHRwOi8vd3d3LnczLm9yZy8yMDAwL3N2ZyIgeG1sbnM6eGxpbms9Imh0dHA6Ly93d3cudzMub3JnLzE5OTkveGxpbmsiIHdpZHRoPSI0OCIgaGVpZ2h0PSI0OCIgdmlld0JveD0iMCAwIDQ4IDQ4Ij4KPGcgaWQ9Imljb21vb24taWdub3JlIj4KCTxsaW5lIHN0cm9rZS13aWR0aD0iMSIgeDE9IiIgeTE9IiIgeDI9IiIgeTI9IiIgc3Ryb2tlPSIjNDQ5RkRCIiBvcGFjaXR5PSIiPjwvbGluZT4KPC9nPgoJPHBhdGggZD0iTTM4LjQ4IDkuMDcwYzAuMjQ4IDAgMC40NSAwLjIwMiAwLjQ1IDAuNDV2MjguOTU5YzAgMC4yNDgtMC4yMDIgMC40NS0wLjQ1IDAuNDVoLTI4Ljk1OWMtMC4yNDggMC0wLjQ1LTAuMjAyLTAuNDUtMC40NXYtMjguOTU5YzAtMC4yNDggMC4yMDItMC40NSAwLjQ1LTAuNDVoMjguOTU5ek0zOC40OCA4aC0yOC45NTljLTAuODQgMC0xLjUyIDAuNjgxLTEuNTIgMS41MjF2MjguOTU5YzAgMC44NCAwLjY4MSAxLjUyMSAxLjUyIDEuNTIxaDI4Ljk1OWMwLjg0IDAgMS41Mi0wLjY4MSAxLjUyLTEuNTIxdi0yOC45NTljMC0wLjg0LTAuNjgxLTEuNTIxLTEuNTItMS41MjF2MHoiIG9wYWNpdHk9IjEiIHZpc2liaWxpdHk9ImZhbHNlIiBmaWxsPSIjZDdkN2Q3Ij48L3BhdGg+Cgk8cGF0aCBkPSJNMTIuMjI4IDM1LjIyNHYtMy4zMjljMC0wLjE0NSAwLjA1OC0wLjI4NSAwLjE2LTAuMzg4bDUuNTg3LTUuNTg3YzAuMjE0LTAuMjE0IDAuNTYxLTAuMjE0IDAuNzc1IDBsMi4xMTkgMi4xMTljMC4yMTQgMC4yMTQgMC41NjEgMC4yMTQgMC43NzUgMGw4LjE5MS04LjE5MmMwLjIxNC0wLjIxNCAwLjU2MS0wLjIxNCAwLjc3NSAwbDUgNWMwLjEwMyAwLjEwMyAwLjE2IDAuMjQyIDAuMTYgMC4zODh2OS45ODhjMCAwLjMwMy0wLjI0NSAwLjU0OC0wLjU0OCAwLjU0OGgtMjIuNDQ3Yy0wLjMwMyAwLTAuNTQ4LTAuMjQ1LTAuNTQ4LTAuNTQ4eiIgb3BhY2l0eT0iMSIgdmlzaWJpbGl0eT0iZmFsc2UiIGZpbGw9IiNkN2Q3ZDciPjwvcGF0aD4KCTxwYXRoIGQ9Ik0yMS41NDQgMTcuOTY3YzAgMS45ODItMS42MDYgMy41ODgtMy41ODggMy41ODhzLTMuNTg4LTEuNjA2LTMuNTg4LTMuNTg4YzAtMS45ODEgMS42MDYtMy41ODggMy41ODgtMy41ODhzMy41ODggMS42MDYgMy41ODggMy41ODh6IiBvcGFjaXR5PSIxIiB2aXNpYmlsaXR5PSJmYWxzZSIgZmlsbD0iI2Q3ZDdkNyI+PC9wYXRoPgo8L3N2Zz4K" alt="Apples Honeycrisp" skeleton-box-size="9rem" class="product-grid-image object-contain"></div></div> <div class="mobile-product-list-cell_info"><div class="product-tile_detail"><div class="skeleton-loader_wrapper cursor-pointer"><div class="product-grid-cell_price-container product-grid-cell_price-container_column product-grid-cell_price-container--mobile"><span class="product-grid-cell_main-price product-grid-cell_main-price--on-sale"><span class="sr-only">
      Sale Price
    </span>
    $1.59
  </span> <div class="product-grid-cell_was-container"><span class="product-grid-cell_regular-price product-grid-cell_regular-price--small"><span class="sr-only">
        Original Price
      </span>
      $1.91
    </span></div></div> <!----></div> <!----></div> <div class="mobile-product-list-cell_name-content"><div class="skeleton-loader_wrapper"><div class="product-grid-cell_name"><a id="product-name-136044-16760862336849054" href="#" data-opens-modal="true" aria-haspopup="dialog" class="product-grid-cell_name-text product-grid-cell_name-text--clamp-2"><!---->
    Apples Honeycrisp
  </a></div> <!----> <!----></div> <div class="skeleton-loader_wrapper"><div class="product-grid-cell_sizes"><span class="product-grid-cell_size">
    1 EA
  </span> <span aria-hidden="true">
    |
  </span> <!----> <span class="product-grid-cell_unit">
    $1.59 / EA
  </span></div> <!----></div> <!----> <!----> <!----> <!----> <!----> <!----> <!----></div> <div class="mobile-product-list-cell_bottom"><div class="mobile-product-list-cell_bottom_cart-ui-wrapper"><!----> <!----> <div class="pdl-add-to-cart"><div class="pdl-add-to-cart_button"><button aria-label="Add to cart" data-product-id="136044" data-price="1.59" class="button button--add-to-cart add-sale">
      Add to cart
      <!----></button> <!----> <!----> <!----></div> <!----></div></div> <!----></div></div></div> <div class="product-tile_action-items"><!----> <!----> <div class="shopping-list-menu_container"><div class="relative-el"><button aria-label="add to shopping list" class="button pdl-product-detail_top-icon button--fourth pdl-product-detail_top-icon--borderless"><!----> <div class="vector-icon-size--large"><svg xmlns="http://www.w3.org/2000/svg" aria-label="Shopping List Icon Add" viewBox="0 0 32 32" role="presentation" aria-hidden="true" focusable="false" class="vector-icon-color--dark-grey"><title lang="en">Shopping List Icon Add</title><desc></desc><g fill="" stroke=""><g><path d="M21.94066,15.3368884 L21.94066,12.8931995 C21.94066,12.3409148 22.3883752,11.8931995 22.94066,11.8931995 C23.4929447,11.8931995 23.94066,12.3409148 23.94066,12.8931995 L23.94066,15.3368884 L26.2522624,15.3368884 C26.8045471,15.3368884 27.2522624,15.7846037 27.2522624,16.3368884 C27.2522624,16.8891732 26.8045471,17.3368884 26.2522624,17.3368884 L23.94066,17.3368884 L23.94066,19.8787952 C23.94066,20.43108 23.4929447,20.8787952 22.94066,20.8787952 C22.3883752,20.8787952 21.94066,20.43108 21.94066,19.8787952 L21.94066,17.3368884 L19.2666667,17.3368884 C18.7143819,17.3368884 18.2666667,16.8891732 18.2666667,16.3368884 C18.2666667,15.7846037 18.7143819,15.3368884 19.2666667,15.3368884 L21.94066,15.3368884 Z M8,12 C7.44771525,12 7,11.5522847 7,11 C7,10.4477153 7.44771525,10 8,10 L19.1153581,10 C19.6676429,10 20.1153581,10.4477153 20.1153581,11 C20.1153581,11.5522847 19.6676429,12 19.1153581,12 L8,12 Z M8,17.3368884 C7.44771525,17.3368884 7,16.8891732 7,16.3368884 C7,15.7846037 7.44771525,15.3368884 8,15.3368884 L14.7200696,15.3368884 C15.2723543,15.3368884 15.7200696,15.7846037 15.7200696,16.3368884 C15.7200696,16.8891732 15.2723543,17.3368884 14.7200696,17.3368884 L8,17.3368884 Z M8,23 C7.44771525,23 7,22.5522847 7,22 C7,21.4477153 7.44771525,21 8,21 L19.1153581,21 C19.6676429,21 20.1153581,21.4477153 20.1153581,22 C20.1153581,22.5522847 19.6676429,23 19.1153581,23 L8,23 Z" fill="#000000" fill-rule="nonzero"></path></g></g></svg></div> <div class="pdl-product-detail_list-tooltip"><p>Add item to shopping list</p> <em></em></div></button></div></div></div> <!----></li> <!----><!----> <!----> <!----> <!----> <li tabindex="-1" data-product-id="118609" class="slot mobile-product-list-cell"><!----> <!----> <!----> <!----> <div class="mobile-product-list-cell_content"><div><!----> <div class="flag_outer-container"><!----> <!----> <!----> <!----></div></div> <div class="mobile-product-list-cell_left"><div><!----> <img src="data:image/svg+xml;base64,PD94bWwgdmVyc2lvbj0iMS4wIiBlbmNvZGluZz0idXRmLTgiPz4KPCEtLSBHZW5lcmF0ZWQgYnkgSWNvTW9vbi5pbyAtLT4KPCFET0NUWVBFIHN2ZyBQVUJMSUMgIi0vL1czQy8vRFREIFNWRyAxLjEvL0VOIiAiaHR0cDovL3d3dy53My5vcmcvR3JhcGhpY3MvU1ZHLzEuMS9EVEQvc3ZnMTEuZHRkIj4KPHN2ZyB2ZXJzaW9uPSIxLjEiIHhtbG5zPSJodHRwOi8vd3d3LnczLm9yZy8yMDAwL3N2ZyIgeG1sbnM6eGxpbms9Imh0dHA6Ly93d3cudzMub3JnLzE5OTkveGxpbmsiIHdpZHRoPSI0OCIgaGVpZ2h0PSI0OCIgdmlld0JveD0iMCAwIDQ4IDQ4Ij4KPGcgaWQ9Imljb21vb24taWdub3JlIj4KCTxsaW5lIHN0cm9rZS13aWR0aD0iMSIgeDE9IiIgeTE9IiIgeDI9IiIgeTI9IiIgc3Ryb2tlPSIjNDQ5RkRCIiBvcGFjaXR5PSIiPjwvbGluZT4KPC9nPgoJPHBhdGggZD0iTTM4LjQ4IDkuMDcwYzAuMjQ4IDAgMC40NSAwLjIwMiAwLjQ1IDAuNDV2MjguOTU5YzAgMC4yNDgtMC4yMDIgMC40NS0wLjQ1IDAuNDVoLTI4Ljk1OWMtMC4yNDggMC0wLjQ1LTAuMjAyLTAuNDUtMC40NXYtMjguOTU5YzAtMC4yNDggMC4yMDItMC40NSAwLjQ1LTAuNDVoMjguOTU5ek0zOC40OCA4aC0yOC45NTljLTAuODQgMC0xLjUyIDAuNjgxLTEuNTIgMS41MjF2MjguOTU5YzAgMC44NCAwLjY4MSAxLjUyMSAxLjUyIDEuNTIxaDI4Ljk1OWMwLjg0IDAgMS41Mi0wLjY4MSAxLjUyLTEuNTIxdi0yOC45NTljMC0wLjg0LTAuNjgxLTEuNTIxLTEuNTItMS41MjF2MHoiIG9wYWNpdHk9IjEiIHZpc2liaWxpdHk9ImZhbHNlIiBmaWxsPSIjZDdkN2Q3Ij48L3BhdGg+Cgk8cGF0aCBkPSJNMTIuMjI4IDM1LjIyNHYtMy4zMjljMC0wLjE0NSAwLjA1OC0wLjI4NSAwLjE2LTAuMzg4bDUuNTg3LTUuNTg3YzAuMjE0LTAuMjE0IDAuNTYxLTAuMjE0IDAuNzc1IDBsMi4xMTkgMi4xMTljMC4yMTQgMC4yMTQgMC41NjEgMC4yMTQgMC43NzUgMGw4LjE5MS04LjE5MmMwLjIxNC0wLjIxNCAwLjU2MS0wLjIxNCAwLjc3NSAwbDUgNWMwLjEwMyAwLjEwMyAwLjE2IDAuMjQyIDAuMTYgMC4zODh2OS45ODhjMCAwLjMwMy0wLjI0NSAwLjU0OC0wLjU0OCAwLjU0OGgtMjIuNDQ3Yy0wLjMwMyAwLTAuNTQ4LTAuMjQ1LTAuNTQ4LTAuNTQ4eiIgb3BhY2l0eT0iMSIgdmlzaWJpbGl0eT0iZmFsc2UiIGZpbGw9IiNkN2Q3ZDciPjwvcGF0aD4KCTxwYXRoIGQ9Ik0yMS41NDQgMTcuOTY3YzAgMS45ODItMS42MDYgMy41ODgtMy41ODggMy41ODhzLTMuNTg4LTEuNjA2LTMuNTg4LTMuNTg4YzAtMS45ODEgMS42MDYtMy41ODggMy41ODgtMy41ODhzMy41ODggMS42MDYgMy41ODggMy41ODh6IiBvcGFjaXR5PSIxIiB2aXNpYmlsaXR5PSJmYWxzZSIgZmlsbD0iI2Q3ZDdkNyI+PC9wYXRoPgo8L3N2Zz4K" alt="Lemons" skeleton-box-size="9rem" class="product-grid-image object-contain"></div></div> <div class="mobile-product-list-cell_info"><div class="product-tile_detail"><div class="skeleton-loader_wrapper cursor-pointer"><div class="product-grid-cell_price-container product-grid-cell_price-container--mobile"><span class="product-grid-cell_main-price"><!---->
    $0.66
  </span> <!----></div> <!----></div> <!----></div> <div class="mobile-product-list-cell_name-content"><div class="skeleton-loader_wrapper"><div class="product-grid-cell_name"><a id="product-name-118609-16760862336879331" href="#" data-opens-modal="true" aria-haspopup="dialog" class="product-grid-cell_name-text product-grid-cell_name-text--clamp-2"><!---->
    Lemons
  </a></div> <!----> <!----></div> <div class="skeleton-loader_wrapper"><div class="product-grid-cell_sizes"><span class="product-grid-cell_size">
    1 EA
  </span> <span aria-hidden="true">
    |
  </span> <!----> <span class="product-grid-cell_unit">
    $0.66 / EA
  </span></div> <!----></div> <!----> <!----> <!----> <!----> <!----> <!----> <!----></div> <div class="mobile-product-list-cell_bottom"><div class="mobile-product-list-cell_bottom_cart-ui-wrapper"><!----> <!----> <div class="pdl-add-to-cart"><div class="pdl-add-to-cart_button"><button aria-label="Add to cart" data-product-id="118609" data-price="0.66" class="button button--add-to-cart">
      Add to cart
      <!----></button> <!----> <!----> <!----></div> <!----></div></div> <!----></div></div></div> <div class="product-tile_action-items"><!----> <!----> <div class="shopping-list-menu_container"><div class="relative-el"><button aria-label="add to shopping list" class="button pdl-product-detail_top-icon button--fourth pdl-product-detail_top-icon--borderless"><!----> <div class="vector-icon-size--large"><svg xmlns="http://www.w3.org/2000/svg" aria-label="Shopping List Icon Add" viewBox="0 0 32 32" role="presentation" aria-hidden="true" focusable="false" class="vector-icon-color--dark-grey"><title lang="en">Shopping List Icon Add</title><desc></desc><g fill="" stroke=""><g><path d="M21.94066,15.3368884 L21.94066,12.8931995 C21.94066,12.3409148 22.3883752,11.8931995 22.94066,11.8931995 C23.4929447,11.8931995 23.94066,12.3409148 23.94066,12.8931995 L23.94066,15.3368884 L26.2522624,15.3368884 C26.8045471,15.3368884 27.2522624,15.7846037 27.2522624,16.3368884 C27.2522624,16.8891732 26.8045471,17.3368884 26.2522624,17.3368884 L23.94066,17.3368884 L23.94066,19.8787952 C23.94066,20.43108 23.4929447,20.8787952 22.94066,20.8787952 C22.3883752,20.8787952 21.94066,20.43108 21.94066,19.8787952 L21.94066,17.3368884 L19.2666667,17.3368884 C18.7143819,17.3368884 18.2666667,16.8891732 18.2666667,16.3368884 C18.2666667,15.7846037 18.7143819,15.3368884 19.2666667,15.3368884 L21.94066,15.3368884 Z M8,12 C7.44771525,12 7,11.5522847 7,11 C7,10.4477153 7.44771525,10 8,10 L19.1153581,10 C19.6676429,10 20.1153581,10.4477153 20.1153581,11 C20.1153581,11.5522847 19.6676429,12 19.1153581,12 L8,12 Z M8,17.3368884 C7.44771525,17.3368884 7,16.8891732 7,16.3368884 C7,15.7846037 7.44771525,15.3368884 8,15.3368884 L14.7200696,15.3368884 C15.2723543,15.3368884 15.7200696,15.7846037 15.7200696,16.3368884 C15.7200696,16.8891732 15.2723543,17.3368884 14.7200696,17.3368884 L8,17.3368884 Z M8,23 C7.44771525,23 7,22.5522847 7,22 C7,21.4477153 7.44771525,21 8,21 L19.1153581,21 C19.6676429,21 20.1153581,21.4477153 20.1153581,22 C20.1153581,22.5522847 19.6676429,23 19.1153581,23 L8,23 Z" fill="#000000" fill-rule="nonzero"></path></g></g></svg></div> <div class="pdl-product-detail_list-tooltip"><p>Add item to shopping list</p> <em></em></div></button></div></div></div> <!----></li> <!----><!----> <!----> <!----> <!----> <li tabindex="-1" data-product-id="118645" class="slot mobile-product-list-cell"><!----> <!----> <!----> <!----> <div class="mobile-product-list-cell_content"><div><!----> <div class="flag_outer-container"><!----> <!----> <!----> <!----></div></div> <div class="mobile-product-list-cell_left"><div><!----> <img src="data:image/svg+xml;base64,PD94bWwgdmVyc2lvbj0iMS4wIiBlbmNvZGluZz0idXRmLTgiPz4KPCEtLSBHZW5lcmF0ZWQgYnkgSWNvTW9vbi5pbyAtLT4KPCFET0NUWVBFIHN2ZyBQVUJMSUMgIi0vL1czQy8vRFREIFNWRyAxLjEvL0VOIiAiaHR0cDovL3d3dy53My5vcmcvR3JhcGhpY3MvU1ZHLzEuMS9EVEQvc3ZnMTEuZHRkIj4KPHN2ZyB2ZXJzaW9uPSIxLjEiIHhtbG5zPSJodHRwOi8vd3d3LnczLm9yZy8yMDAwL3N2ZyIgeG1sbnM6eGxpbms9Imh0dHA6Ly93d3cudzMub3JnLzE5OTkveGxpbmsiIHdpZHRoPSI0OCIgaGVpZ2h0PSI0OCIgdmlld0JveD0iMCAwIDQ4IDQ4Ij4KPGcgaWQ9Imljb21vb24taWdub3JlIj4KCTxsaW5lIHN0cm9rZS13aWR0aD0iMSIgeDE9IiIgeTE9IiIgeDI9IiIgeTI9IiIgc3Ryb2tlPSIjNDQ5RkRCIiBvcGFjaXR5PSIiPjwvbGluZT4KPC9nPgoJPHBhdGggZD0iTTM4LjQ4IDkuMDcwYzAuMjQ4IDAgMC40NSAwLjIwMiAwLjQ1IDAuNDV2MjguOTU5YzAgMC4yNDgtMC4yMDIgMC40NS0wLjQ1IDAuNDVoLTI4Ljk1OWMtMC4yNDggMC0wLjQ1LTAuMjAyLTAuNDUtMC40NXYtMjguOTU5YzAtMC4yNDggMC4yMDItMC40NSAwLjQ1LTAuNDVoMjguOTU5ek0zOC40OCA4aC0yOC45NTljLTAuODQgMC0xLjUyIDAuNjgxLTEuNTIgMS41MjF2MjguOTU5YzAgMC44NCAwLjY4MSAxLjUyMSAxLjUyIDEuNTIxaDI4Ljk1OWMwLjg0IDAgMS41Mi0wLjY4MSAxLjUyLTEuNTIxdi0yOC45NTljMC0wLjg0LTAuNjgxLTEuNTIxLTEuNTItMS41MjF2MHoiIG9wYWNpdHk9IjEiIHZpc2liaWxpdHk9ImZhbHNlIiBmaWxsPSIjZDdkN2Q3Ij48L3BhdGg+Cgk8cGF0aCBkPSJNMTIuMjI4IDM1LjIyNHYtMy4zMjljMC0wLjE0NSAwLjA1OC0wLjI4NSAwLjE2LTAuMzg4bDUuNTg3LTUuNTg3YzAuMjE0LTAuMjE0IDAuNTYxLTAuMjE0IDAuNzc1IDBsMi4xMTkgMi4xMTljMC4yMTQgMC4yMTQgMC41NjEgMC4yMTQgMC43NzUgMGw4LjE5MS04LjE5MmMwLjIxNC0wLjIxNCAwLjU2MS0wLjIxNCAwLjc3NSAwbDUgNWMwLjEwMyAwLjEwMyAwLjE2IDAuMjQyIDAuMTYgMC4zODh2OS45ODhjMCAwLjMwMy0wLjI0NSAwLjU0OC0wLjU0OCAwLjU0OGgtMjIuNDQ3Yy0wLjMwMyAwLTAuNTQ4LTAuMjQ1LTAuNTQ4LTAuNTQ4eiIgb3BhY2l0eT0iMSIgdmlzaWJpbGl0eT0iZmFsc2UiIGZpbGw9IiNkN2Q3ZDciPjwvcGF0aD4KCTxwYXRoIGQ9Ik0yMS41NDQgMTcuOTY3YzAgMS45ODItMS42MDYgMy41ODgtMy41ODggMy41ODhzLTMuNTg4LTEuNjA2LTMuNTg4LTMuNTg4YzAtMS45ODEgMS42MDYtMy41ODggMy41ODgtMy41ODhzMy41ODggMS42MDYgMy41ODggMy41ODh6IiBvcGFjaXR5PSIxIiB2aXNpYmlsaXR5PSJmYWxzZSIgZmlsbD0iI2Q3ZDdkNyI+PC9wYXRoPgo8L3N2Zz4K" alt="Broccoli Crowns" skeleton-box-size="9rem" class="product-grid-image object-contain"></div></div> <div class="mobile-product-list-cell_info"><div class="product-tile_detail"><div class="skeleton-loader_wrapper cursor-pointer"><div class="product-grid-cell_price-container product-grid-cell_price-container--mobile"><span class="product-grid-cell_main-price"><!---->
    $2.23
  </span> <!----></div> <!----></div> <!----></div> <div class="mobile-product-list-cell_name-content"><div class="skeleton-loader_wrapper"><div class="product-grid-cell_name"><a id="product-name-118645-16761547338191805" href="#" data-opens-modal="true" aria-haspopup="dialog" class="product-grid-cell_name-text product-grid-cell_name-text--clamp-2"><!---->
    Broccoli Crowns
  </a></div> <!----> <!----></div> <div class="skeleton-loader_wrapper"><div class="product-grid-cell_sizes"><span class="product-grid-cell_size">
    1 HEAD
  </span> <span aria-hidden="true">
    |
  </span> <!----> <span class="product-grid-cell_unit">
    $2.23 / EA
  </span></div> <!----></div> <!----> <!----> <!----> <!----> <!----> <!----> <!----></div> <div class="mobile-product-list-cell_bottom"><div class="mobile-product-list-cell_bottom_cart-ui-wrapper"><!----> <!----> <div class="pdl-add-to-cart"><div class="pdl-add-to-cart_button"><button aria-label="Add to cart" data-product-id="118645" data-price="2.23" class="button button--add-to-cart">
      Add to cart
      <!----></button> <!----> <!----> <!----></div> <!----></div></div> <!----></div></div></div> <div class="product-tile_action-items"><!----> <!----> <div class="shopping-list-menu_container"><div class="relative-el"><button aria-label="add to shopping list" class="button pdl-product-detail_top-icon button--fourth pdl-product-detail_top-icon--borderless"><!----> <div class="vector-icon-size--large"><svg xmlns="http://www.w3.org/2000/svg" aria-label="Shopping List Icon Add" viewBox="0 0 32 32" role="presentation" aria-hidden="true" focusable="false" class="vector-icon-color--dark-grey"><title lang="en">Shopping List Icon Add</title><desc></desc><g fill="" stroke=""><g><path d="M21.94066,15.3368884 L21.94066,12.8931995 C21.94066,12.3409148 22.3883752,11.8931995 22.94066,11.8931995 C23.4929447,11.8931995 23.94066,12.3409148 23.94066,12.8931995 L23.94066,15.3368884 L26.2522624,15.3368884 C26.8045471,15.3368884 27.2522624,15.7846037 27.2522624,16.3368884 C27.2522624,16.8891732 26.8045471,17.3368884 26.2522624,17.3368884 L23.94066,17.3368884 L23.94066,19.8787952 C23.94066,20.43108 23.4929447,20.8787952 22.94066,20.8787952 C22.3883752,20.8787952 21.94066,20.43108 21.94066,19.8787952 L21.94066,17.3368884 L19.2666667,17.3368884 C18.7143819,17.3368884 18.2666667,16.8891732 18.2666667,16.3368884 C18.2666667,15.7846037 18.7143819,15.3368884 19.2666667,15.3368884 L21.94066,15.3368884 Z M8,12 C7.44771525,12 7,11.5522847 7,11 C7,10.4477153 7.44771525,10 8,10 L19.1153581,10 C19.6676429,10 20.1153581,10.4477153 20.1153581,11 C20.1153581,11.5522847 19.6676429,12 19.1153581,12 L8,12 Z M8,17.3368884 C7.44771525,17.3368884 7,16.8891732 7,16.3368884 C7,15.7846037 7.44771525,15.3368884 8,15.3368884 L14.7200696,15.3368884 C15.2723543,15.3368884 15.7200696,15.7846037 15.7200696,16.3368884 C15.7200696,16.8891732 15.2723543,17.3368884 14.7200696,17.3368884 L8,17.3368884 Z M8,23 C7.44771525,23 7,22.5522847 7,22 C7,21.4477153 7.44771525,21 8,21 L19.1153581,21 C19.6676429,21 20.1153581,21.4477153 20.1153581,22 C20.1153581,22.5522847 19.6676429,23 19.1153581,23 L8,23 Z" fill="#000000" fill-rule="nonzero"></path></g></g></svg></div> <div class="pdl-product-detail_list-tooltip"><p>Add item to shopping list</p> <em></em></div></button></div></div></div> <!----></li> <!----><!----> <!----> <!----> <!----> <li tabindex="-1" data-product-id="118633" class="slot mobile-product-list-cell"><!----> <!----> <!----> <!----> <div class="mobile-product-list-cell_content"><div><!----> <div class="flag_outer-container"><!----> <!----> <!----> <!----></div></div> <div class="mobile-product-list-cell_left"><div><!----> <img src="data:image/svg+xml;base64,PD94bWwgdmVyc2lvbj0iMS4wIiBlbmNvZGluZz0idXRmLTgiPz4KPCEtLSBHZW5lcmF0ZWQgYnkgSWNvTW9vbi5pbyAtLT4KPCFET0NUWVBFIHN2ZyBQVUJMSUMgIi0vL1czQy8vRFREIFNWRyAxLjEvL0VOIiAiaHR0cDovL3d3dy53My5vcmcvR3JhcGhpY3MvU1ZHLzEuMS9EVEQvc3ZnMTEuZHRkIj4KPHN2ZyB2ZXJzaW9uPSIxLjEiIHhtbG5zPSJodHRwOi8vd3d3LnczLm9yZy8yMDAwL3N2ZyIgeG1sbnM6eGxpbms9Imh0dHA6Ly93d3cudzMub3JnLzE5OTkveGxpbmsiIHdpZHRoPSI0OCIgaGVpZ2h0PSI0OCIgdmlld0JveD0iMCAwIDQ4IDQ4Ij4KPGcgaWQ9Imljb21vb24taWdub3JlIj4KCTxsaW5lIHN0cm9rZS13aWR0aD0iMSIgeDE9IiIgeTE9IiIgeDI9IiIgeTI9IiIgc3Ryb2tlPSIjNDQ5RkRCIiBvcGFjaXR5PSIiPjwvbGluZT4KPC9nPgoJPHBhdGggZD0iTTM4LjQ4IDkuMDcwYzAuMjQ4IDAgMC40NSAwLjIwMiAwLjQ1IDAuNDV2MjguOTU5YzAgMC4yNDgtMC4yMDIgMC40NS0wLjQ1IDAuNDVoLTI4Ljk1OWMtMC4yNDggMC0wLjQ1LTAuMjAyLTAuNDUtMC40NXYtMjguOTU5YzAtMC4yNDggMC4yMDItMC40NSAwLjQ1LTAuNDVoMjguOTU5ek0zOC40OCA4aC0yOC45NTljLTAuODQgMC0xLjUyIDAuNjgxLTEuNTIgMS41MjF2MjguOTU5YzAgMC44NCAwLjY4MSAxLjUyMSAxLjUyIDEuNTIxaDI4Ljk1OWMwLjg0IDAgMS41Mi0wLjY4MSAxLjUyLTEuNTIxdi0yOC45NTljMC0wLjg0LTAuNjgxLTEuNTIxLTEuNTItMS41MjF2MHoiIG9wYWNpdHk9IjEiIHZpc2liaWxpdHk9ImZhbHNlIiBmaWxsPSIjZDdkN2Q3Ij48L3BhdGg+Cgk8cGF0aCBkPSJNMTIuMjI4IDM1LjIyNHYtMy4zMjljMC0wLjE0NSAwLjA1OC0wLjI4NSAwLjE2LTAuMzg4bDUuNTg3LTUuNTg3YzAuMjE0LTAuMjE0IDAuNTYxLTAuMjE0IDAuNzc1IDBsMi4xMTkgMi4xMTljMC4yMTQgMC4yMTQgMC41NjEgMC4yMTQgMC43NzUgMGw4LjE5MS04LjE5MmMwLjIxNC0wLjIxNCAwLjU2MS0wLjIxNCAwLjc3NSAwbDUgNWMwLjEwMyAwLjEwMyAwLjE2IDAuMjQyIDAuMTYgMC4zODh2OS45ODhjMCAwLjMwMy0wLjI0NSAwLjU0OC0wLjU0OCAwLjU0OGgtMjIuNDQ3Yy0wLjMwMyAwLTAuNTQ4LTAuMjQ1LTAuNTQ4LTAuNTQ4eiIgb3BhY2l0eT0iMSIgdmlzaWJpbGl0eT0iZmFsc2UiIGZpbGw9IiNkN2Q3ZDciPjwvcGF0aD4KCTxwYXRoIGQ9Ik0yMS41NDQgMTcuOTY3YzAgMS45ODItMS42MDYgMy41ODgtMy41ODggMy41ODhzLTMuNTg4LTEuNjA2LTMuNTg4LTMuNTg4YzAtMS45ODEgMS42MDYtMy41ODggMy41ODgtMy41ODhzMy41ODggMS42MDYgMy41ODggMy41ODh6IiBvcGFjaXR5PSIxIiB2aXNpYmlsaXR5PSJmYWxzZSIgZmlsbD0iI2Q3ZDdkNyI+PC9wYXRoPgo8L3N2Zz4K" alt="Zucchini Squash" skeleton-box-size="9rem" class="product-grid-image object-contain"></div></div> <div class="mobile-product-list-cell_info"><div class="product-tile_detail"><div class="skeleton-loader_wrapper cursor-pointer"><div class="product-grid-cell_price-container product-grid-cell_price-container--mobile"><span class="product-grid-cell_main-price"><!---->
    $0.76
  </span> <!----></div> <!----></div> <!----></div> <div class="mobile-product-list-cell_name-content"><div class="skeleton-loader_wrapper"><div class="product-grid-cell_name"><a id="product-name-118633-16761547343511277" href="#" data-opens-modal="true" aria-haspopup="dialog" class="product-grid-cell_name-text product-grid-cell_name-text--clamp-2"><!---->
    Zucchini Squash
  </a></div> <!----> <!----></div> <div class="skeleton-loader_wrapper"><div class="product-grid-cell_sizes"><span class="product-grid-cell_size">
    1 EA
  </span> <span aria-hidden="true">
    |
  </span> <!----> <span class="product-grid-cell_unit">
    $0.76 / EA
  </span></div> <!----></div> <!----> <!----> <!----> <!----> <!----> <!----> <!----></div> <div class="mobile-product-list-cell_bottom"><div class="mobile-product-list-cell_bottom_cart-ui-wrapper"><!----> <!----> <div class="pdl-add-to-cart"><div class="pdl-add-to-cart_button"><button aria-label="Add to cart" data-product-id="118633" data-price="0.76" class="button button--add-to-cart">
      Add to cart
      <!----></button> <!----> <!----> <!----></div> <!----></div></div> <!----></div></div></div> <div class="product-tile_action-items"><!----> <!----> <div class="shopping-list-menu_container"><div class="relative-el"><button aria-label="add to shopping list" class="button pdl-product-detail_top-icon button--fourth pdl-product-detail_top-icon--borderless"><!----> <div class="vector-icon-size--large"><svg xmlns="http://www.w3.org/2000/svg" aria-label="Shopping List Icon Add" viewBox="0 0 32 32" role="presentation" aria-hidden="true" focusable="false" class="vector-icon-color--dark-grey"><title lang="en">Shopping List Icon Add</title><desc></desc><g fill="" stroke=""><g><path d="M21.94066,15.3368884 L21.94066,12.8931995 C21.94066,12.3409148 22.3883752,11.8931995 22.94066,11.8931995 C23.4929447,11.8931995 23.94066,12.3409148 23.94066,12.8931995 L23.94066,15.3368884 L26.2522624,15.3368884 C26.8045471,15.3368884 27.2522624,15.7846037 27.2522624,16.3368884 C27.2522624,16.8891732 26.8045471,17.3368884 26.2522624,17.3368884 L23.94066,17.3368884 L23.94066,19.8787952 C23.94066,20.43108 23.4929447,20.8787952 22.94066,20.8787952 C22.3883752,20.8787952 21.94066,20.43108 21.94066,19.8787952 L21.94066,17.3368884 L19.2666667,17.3368884 C18.7143819,17.3368884 18.2666667,16.8891732 18.2666667,16.3368884 C18.2666667,15.7846037 18.7143819,15.3368884 19.2666667,15.3368884 L21.94066,15.3368884 Z M8,12 C7.44771525,12 7,11.5522847 7,11 C7,10.4477153 7.44771525,10 8,10 L19.1153581,10 C19.6676429,10 20.1153581,10.4477153 20.1153581,11 C20.1153581,11.5522847 19.6676429,12 19.1153581,12 L8,12 Z M8,17.3368884 C7.44771525,17.3368884 7,16.8891732 7,16.3368884 C7,15.7846037 7.44771525,15.3368884 8,15.3368884 L14.7200696,15.3368884 C15.2723543,15.3368884 15.7200696,15.7846037 15.7200696,16.3368884 C15.7200696,16.8891732 15.2723543,17.3368884 14.7200696,17.3368884 L8,17.3368884 Z M8,23 C7.44771525,23 7,22.5522847 7,22 C7,21.4477153 7.44771525,21 8,21 L19.1153581,21 C19.6676429,21 20.1153581,21.4477153 20.1153581,22 C20.1153581,22.5522847 19.6676429,23 19.1153581,23 L8,23 Z" fill="#000000" fill-rule="nonzero"></path></g></g></svg></div> <div class="pdl-product-detail_list-tooltip"><p>Add item to shopping list</p> <em></em></div></button></div></div></div> <!----></li> <!----><!----> <!----> <!----> <!----> <li tabindex="-1" data-product-id="118779" class="slot mobile-product-list-cell"><!----> <!----> <!----> <!----> <div class="mobile-product-list-cell_content"><div><!----> <div class="flag_outer-container"><!----> <!----> <!----> <!----></div></div> <div class="mobile-product-list-cell_left"><div><!----> <img src="data:image/svg+xml;base64,PD94bWwgdmVyc2lvbj0iMS4wIiBlbmNvZGluZz0idXRmLTgiPz4KPCEtLSBHZW5lcmF0ZWQgYnkgSWNvTW9vbi5pbyAtLT4KPCFET0NUWVBFIHN2ZyBQVUJMSUMgIi0vL1czQy8vRFREIFNWRyAxLjEvL0VOIiAiaHR0cDovL3d3dy53My5vcmcvR3JhcGhpY3MvU1ZHLzEuMS9EVEQvc3ZnMTEuZHRkIj4KPHN2ZyB2ZXJzaW9uPSIxLjEiIHhtbG5zPSJodHRwOi8vd3d3LnczLm9yZy8yMDAwL3N2ZyIgeG1sbnM6eGxpbms9Imh0dHA6Ly93d3cudzMub3JnLzE5OTkveGxpbmsiIHdpZHRoPSI0OCIgaGVpZ2h0PSI0OCIgdmlld0JveD0iMCAwIDQ4IDQ4Ij4KPGcgaWQ9Imljb21vb24taWdub3JlIj4KCTxsaW5lIHN0cm9rZS13aWR0aD0iMSIgeDE9IiIgeTE9IiIgeDI9IiIgeTI9IiIgc3Ryb2tlPSIjNDQ5RkRCIiBvcGFjaXR5PSIiPjwvbGluZT4KPC9nPgoJPHBhdGggZD0iTTM4LjQ4IDkuMDcwYzAuMjQ4IDAgMC40NSAwLjIwMiAwLjQ1IDAuNDV2MjguOTU5YzAgMC4yNDgtMC4yMDIgMC40NS0wLjQ1IDAuNDVoLTI4Ljk1OWMtMC4yNDggMC0wLjQ1LTAuMjAyLTAuNDUtMC40NXYtMjguOTU5YzAtMC4yNDggMC4yMDItMC40NSAwLjQ1LTAuNDVoMjguOTU5ek0zOC40OCA4aC0yOC45NTljLTAuODQgMC0xLjUyIDAuNjgxLTEuNTIgMS41MjF2MjguOTU5YzAgMC44NCAwLjY4MSAxLjUyMSAxLjUyIDEuNTIxaDI4Ljk1OWMwLjg0IDAgMS41Mi0wLjY4MSAxLjUyLTEuNTIxdi0yOC45NTljMC0wLjg0LTAuNjgxLTEuNTIxLTEuNTItMS41MjF2MHoiIG9wYWNpdHk9IjEiIHZpc2liaWxpdHk9ImZhbHNlIiBmaWxsPSIjZDdkN2Q3Ij48L3BhdGg+Cgk8cGF0aCBkPSJNMTIuMjI4IDM1LjIyNHYtMy4zMjljMC0wLjE0NSAwLjA1OC0wLjI4NSAwLjE2LTAuMzg4bDUuNTg3LTUuNTg3YzAuMjE0LTAuMjE0IDAuNTYxLTAuMjE0IDAuNzc1IDBsMi4xMTkgMi4xMTljMC4yMTQgMC4yMTQgMC41NjEgMC4yMTQgMC43NzUgMGw4LjE5MS04LjE5MmMwLjIxNC0wLjIxNCAwLjU2MS0wLjIxNCAwLjc3NSAwbDUgNWMwLjEwMyAwLjEwMyAwLjE2IDAuMjQyIDAuMTYgMC4zODh2OS45ODhjMCAwLjMwMy0wLjI0NSAwLjU0OC0wLjU0OCAwLjU0OGgtMjIuNDQ3Yy0wLjMwMyAwLTAuNTQ4LTAuMjQ1LTAuNTQ4LTAuNTQ4eiIgb3BhY2l0eT0iMSIgdmlzaWJpbGl0eT0iZmFsc2UiIGZpbGw9IiNkN2Q3ZDciPjwvcGF0aD4KCTxwYXRoIGQ9Ik0yMS41NDQgMTcuOTY3YzAgMS45ODItMS42MDYgMy41ODgtMy41ODggMy41ODhzLTMuNTg4LTEuNjA2LTMuNTg4LTMuNTg4YzAtMS45ODEgMS42MDYtMy41ODggMy41ODgtMy41ODhzMy41ODggMS42MDYgMy41ODggMy41ODh6IiBvcGFjaXR5PSIxIiB2aXNpYmlsaXR5PSJmYWxzZSIgZmlsbD0iI2Q3ZDdkNyI+PC9wYXRoPgo8L3N2Zz4K" alt="Stop &amp; Shop Romaine Hearts Lettuce" skeleton-box-size="9rem" class="product-grid-image object-contain"></div></div> <div class="mobile-product-list-cell_info"><div class="product-tile_detail"><div class="skeleton-loader_wrapper cursor-pointer"><div class="product-grid-cell_price-container product-grid-cell_price-container--mobile"><span class="product-grid-cell_main-price"><!---->
    $3.79
  </span> <!----></div> <!----></div> <!----></div> <div class="mobile-product-list-cell_name-content"><div class="skeleton-loader_wrapper"><div class="product-grid-cell_name"><a id="product-name-118779-16761547343532211" href="#" data-opens-modal="true" aria-haspopup="dialog" class="product-grid-cell_name-text product-grid-cell_name-text--clamp-2"><span class="vector-icon_inline-text--left mr-0"><div class="vector-icon-size--xsmall"><svg xmlns="http://www.w3.org/2000/svg" aria-label="Ahold Icon" viewBox="0 0 1024 945" role="presentation" aria-hidden="true" focusable="false" class=""><title lang="en">Ahold Icon</title><desc></desc><g fill="" stroke=""><g><path d="M1.893 730.617c-1.289-2.094-2.052-4.631-2.052-7.346 0-.747.058-1.481.169-2.197.158-12.396 10.227-22.466 22.687-22.634h895.306c12.476.168 22.545 10.237 22.713 22.698-.521 3.721-1.182 6.924-2.024 10.053l.131-.574c-86.363 175.072-263.598 293.385-468.466 293.385S88.254 905.689 3.252 733.663l-1.361-3.046z" fill="#F7A800" class="path1"></path> <path d="M107.889 132.495c1.893-1.893 1.893-3.786 3.786-5.678 2.98-3.491 7.385-5.69 12.303-5.69s9.323 2.199 12.284 5.668l.019.022L613.264 603.8c3.491 2.98 5.69 7.385 5.69 12.303s-2.199 9.323-5.668 12.284c-1.399 1.869-3.361 3.216-5.631 3.789l-.069.015c-38.446 13.732-82.796 21.669-129.001 21.669-108.416 0-206.626-43.699-277.977-114.443C130.241 467.591 86.799 369.1 86.799 260.462c0-45.803 7.722-89.803 21.936-130.767l-.845 2.8z" fill="#E2231A" class="path2"></path> <path d="M600.015 1.893a6.922 6.922 0 0 1 5.713-1.889c.057-.006.164-.007.272-.007 7.15 0 12.947 5.796 12.947 12.947 0 .108-.001.215-.004.322v-.016 503.482c.002.091.004.199.004.306 0 7.15-5.796 12.947-12.947 12.947-.108 0-.215-.001-.322-.004a6.925 6.925 0 0 1-5.665-1.895l.002.002c-98.273-48.542-164.673-148.065-164.673-263.098S501.743 50.434 598.306 2.657l1.709-.765z" fill="#712177" class="path3"></path> <path d="M938.824 283.919c1.893 0 1.893 1.893 3.786 1.893 1.765 2.012 2.841 4.666 2.841 7.571s-1.077 5.559-2.853 7.584l.011-.013-268.776 266.884c-2.012 1.765-4.666 2.841-7.571 2.841s-5.559-1.077-7.584-2.853a3.774 3.774 0 0 1-1.877-3.793l-.002.019c-7.681-21.529-12.12-46.363-12.12-72.235 0-61.263 24.891-116.712 65.111-156.786 39.326-39.792 93.895-64.431 154.219-64.431 26.857 0 52.573 4.884 76.309 13.812l-1.494-.493z" fill="#82BC00" class="path4"></path></g></g></svg></div></span>
    Stop &amp; Shop Romaine Hearts Lettuce
  </a></div> <!----> <!----></div> <div class="skeleton-loader_wrapper"><div class="product-grid-cell_sizes"><span class="product-grid-cell_size">
    3 CT PKG
  </span> <span aria-hidden="true">
    |
  </span> <!----> <span class="product-grid-cell_unit">
    $1.26 / EA
  </span></div> <!----></div> <!----> <div id="coupon-link-118779-16761547343532211" tabindex="0" role="link" aria-label="Open coupon details" data-opens-modal="true" class="product-tile_coupon-offer product-tile_coupon-offer-eci product-tile_coupon-offer--mobile" is-mobile="true"><div class="product-tile_coupon-offer-display"><!----> <div class="vector-icon_mobile-center"><!----></div> <div class="product-tile_coupon-offer-name flex-center product-tile_coupon-offer-name--full-tile"><!---->
      Buy 1 Get 1 FREE
    </div></div> <!----> <div class="product-tile_coupon-offer-loading-coupon"><!----></div></div> <!----> <!----> <!----> <!----> <!----></div> <div class="mobile-product-list-cell_bottom"><div class="mobile-product-list-cell_bottom_cart-ui-wrapper"><!----> <!----> <div class="pdl-add-to-cart"><div class="pdl-add-to-cart_button"><button aria-label="Add to cart" data-product-id="118779" data-price="3.79" class="button button--add-to-cart">
      Add to cart
      <!----></button> <!----> <!----> <!----></div> <!----></div></div> <!----></div></div></div> <div class="product-tile_action-items"><!----> <!----> <div class="shopping-list-menu_container"><div class="relative-el"><button aria-label="add to shopping list" class="button pdl-product-detail_top-icon button--fourth pdl-product-detail_top-icon--borderless"><!----> <div class="vector-icon-size--large"><svg xmlns="http://www.w3.org/2000/svg" aria-label="Shopping List Icon Add" viewBox="0 0 32 32" role="presentation" aria-hidden="true" focusable="false" class="vector-icon-color--dark-grey"><title lang="en">Shopping List Icon Add</title><desc></desc><g fill="" stroke=""><g><path d="M21.94066,15.3368884 L21.94066,12.8931995 C21.94066,12.3409148 22.3883752,11.8931995 22.94066,11.8931995 C23.4929447,11.8931995 23.94066,12.3409148 23.94066,12.8931995 L23.94066,15.3368884 L26.2522624,15.3368884 C26.8045471,15.3368884 27.2522624,15.7846037 27.2522624,16.3368884 C27.2522624,16.8891732 26.8045471,17.3368884 26.2522624,17.3368884 L23.94066,17.3368884 L23.94066,19.8787952 C23.94066,20.43108 23.4929447,20.8787952 22.94066,20.8787952 C22.3883752,20.8787952 21.94066,20.43108 21.94066,19.8787952 L21.94066,17.3368884 L19.2666667,17.3368884 C18.7143819,17.3368884 18.2666667,16.8891732 18.2666667,16.3368884 C18.2666667,15.7846037 18.7143819,15.3368884 19.2666667,15.3368884 L21.94066,15.3368884 Z M8,12 C7.44771525,12 7,11.5522847 7,11 C7,10.4477153 7.44771525,10 8,10 L19.1153581,10 C19.6676429,10 20.1153581,10.4477153 20.1153581,11 C20.1153581,11.5522847 19.6676429,12 19.1153581,12 L8,12 Z M8,17.3368884 C7.44771525,17.3368884 7,16.8891732 7,16.3368884 C7,15.7846037 7.44771525,15.3368884 8,15.3368884 L14.7200696,15.3368884 C15.2723543,15.3368884 15.7200696,15.7846037 15.7200696,16.3368884 C15.7200696,16.8891732 15.2723543,17.3368884 14.7200696,17.3368884 L8,17.3368884 Z M8,23 C7.44771525,23 7,22.5522847 7,22 C7,21.4477153 7.44771525,21 8,21 L19.1153581,21 C19.6676429,21 20.1153581,21.4477153 20.1153581,22 C20.1153581,22.5522847 19.6676429,23 19.1153581,23 L8,23 Z" fill="#000000" fill-rule="nonzero"></path></g></g></svg></div> <div class="pdl-product-detail_list-tooltip"><p>Add item to shopping list</p> <em></em></div></button></div></div></div> <!----></li> <!----><!----> <!----> <!----> <!----> <li tabindex="-1" data-product-id="184149" class="slot mobile-product-list-cell"><!----> <!----> <!----> <!----> <div class="mobile-product-list-cell_content"><div><!----> <div class="flag_outer-container"><!----> <!----> <!----> <!----></div></div> <div class="mobile-product-list-cell_left"><div><!----> <img src="data:image/svg+xml;base64,PD94bWwgdmVyc2lvbj0iMS4wIiBlbmNvZGluZz0idXRmLTgiPz4KPCEtLSBHZW5lcmF0ZWQgYnkgSWNvTW9vbi5pbyAtLT4KPCFET0NUWVBFIHN2ZyBQVUJMSUMgIi0vL1czQy8vRFREIFNWRyAxLjEvL0VOIiAiaHR0cDovL3d3dy53My5vcmcvR3JhcGhpY3MvU1ZHLzEuMS9EVEQvc3ZnMTEuZHRkIj4KPHN2ZyB2ZXJzaW9uPSIxLjEiIHhtbG5zPSJodHRwOi8vd3d3LnczLm9yZy8yMDAwL3N2ZyIgeG1sbnM6eGxpbms9Imh0dHA6Ly93d3cudzMub3JnLzE5OTkveGxpbmsiIHdpZHRoPSI0OCIgaGVpZ2h0PSI0OCIgdmlld0JveD0iMCAwIDQ4IDQ4Ij4KPGcgaWQ9Imljb21vb24taWdub3JlIj4KCTxsaW5lIHN0cm9rZS13aWR0aD0iMSIgeDE9IiIgeTE9IiIgeDI9IiIgeTI9IiIgc3Ryb2tlPSIjNDQ5RkRCIiBvcGFjaXR5PSIiPjwvbGluZT4KPC9nPgoJPHBhdGggZD0iTTM4LjQ4IDkuMDcwYzAuMjQ4IDAgMC40NSAwLjIwMiAwLjQ1IDAuNDV2MjguOTU5YzAgMC4yNDgtMC4yMDIgMC40NS0wLjQ1IDAuNDVoLTI4Ljk1OWMtMC4yNDggMC0wLjQ1LTAuMjAyLTAuNDUtMC40NXYtMjguOTU5YzAtMC4yNDggMC4yMDItMC40NSAwLjQ1LTAuNDVoMjguOTU5ek0zOC40OCA4aC0yOC45NTljLTAuODQgMC0xLjUyIDAuNjgxLTEuNTIgMS41MjF2MjguOTU5YzAgMC44NCAwLjY4MSAxLjUyMSAxLjUyIDEuNTIxaDI4Ljk1OWMwLjg0IDAgMS41Mi0wLjY4MSAxLjUyLTEuNTIxdi0yOC45NTljMC0wLjg0LTAuNjgxLTEuNTIxLTEuNTItMS41MjF2MHoiIG9wYWNpdHk9IjEiIHZpc2liaWxpdHk9ImZhbHNlIiBmaWxsPSIjZDdkN2Q3Ij48L3BhdGg+Cgk8cGF0aCBkPSJNMTIuMjI4IDM1LjIyNHYtMy4zMjljMC0wLjE0NSAwLjA1OC0wLjI4NSAwLjE2LTAuMzg4bDUuNTg3LTUuNTg3YzAuMjE0LTAuMjE0IDAuNTYxLTAuMjE0IDAuNzc1IDBsMi4xMTkgMi4xMTljMC4yMTQgMC4yMTQgMC41NjEgMC4yMTQgMC43NzUgMGw4LjE5MS04LjE5MmMwLjIxNC0wLjIxNCAwLjU2MS0wLjIxNCAwLjc3NSAwbDUgNWMwLjEwMyAwLjEwMyAwLjE2IDAuMjQyIDAuMTYgMC4zODh2OS45ODhjMCAwLjMwMy0wLjI0NSAwLjU0OC0wLjU0OCAwLjU0OGgtMjIuNDQ3Yy0wLjMwMyAwLTAuNTQ4LTAuMjQ1LTAuNTQ4LTAuNTQ4eiIgb3BhY2l0eT0iMSIgdmlzaWJpbGl0eT0iZmFsc2UiIGZpbGw9IiNkN2Q3ZDciPjwvcGF0aD4KCTxwYXRoIGQ9Ik0yMS41NDQgMTcuOTY3YzAgMS45ODItMS42MDYgMy41ODgtMy41ODggMy41ODhzLTMuNTg4LTEuNjA2LTMuNTg4LTMuNTg4YzAtMS45ODEgMS42MDYtMy41ODggMy41ODgtMy41ODhzMy41ODggMS42MDYgMy41ODggMy41ODh6IiBvcGFjaXR5PSIxIiB2aXNpYmlsaXR5PSJmYWxzZSIgZmlsbD0iI2Q3ZDdkNyI+PC9wYXRoPgo8L3N2Zz4K" alt="Blackberries" skeleton-box-size="9rem" class="product-grid-image object-contain"></div></div> <div class="mobile-product-list-cell_info"><div class="product-tile_detail"><div class="skeleton-loader_wrapper cursor-pointer"><div class="product-grid-cell_price-container product-grid-cell_price-container--mobile"><span class="product-grid-cell_main-price"><!---->
    $3.99
  </span> <!----></div> <!----></div> <!----></div> <div class="mobile-product-list-cell_name-content"><div class="skeleton-loader_wrapper"><div class="product-grid-cell_name"><a id="product-name-184149-16761547343561504" href="#" data-opens-modal="true" aria-haspopup="dialog" class="product-grid-cell_name-text product-grid-cell_name-text--clamp-2"><!---->
    Blackberries
  </a></div> <!----> <!----></div> <div class="skeleton-loader_wrapper"><div class="product-grid-cell_sizes"><span class="product-grid-cell_size">
    4.4 - 6 OZ
  </span> <span aria-hidden="true">
    |
  </span> <!----> <span class="product-grid-cell_unit">
    $0.77 / OZ
  </span></div> <!----></div> <!----> <div id="coupon-link-184149-16761547343561504" tabindex="0" role="link" aria-label="Open coupon details" data-opens-modal="true" class="product-tile_coupon-offer product-tile_coupon-offer-eci product-tile_coupon-offer--mobile" is-mobile="true"><div class="product-tile_coupon-offer-display"><!----> <div class="vector-icon_mobile-center"><!----></div> <div class="product-tile_coupon-offer-name flex-center product-tile_coupon-offer-name--full-tile"><!---->
      3/$10 when you buy 3
    </div></div> <!----> <div class="product-tile_coupon-offer-loading-coupon"><!----></div></div> <!----> <!----> <!----> <!----> <!----></div> <div class="mobile-product-list-cell_bottom"><div class="mobile-product-list-cell_bottom_cart-ui-wrapper"><!----> <!----> <div class="pdl-add-to-cart"><div class="pdl-add-to-cart_button"><button aria-label="Add to cart" data-product-id="184149" data-price="3.99" class="button button--add-to-cart">
      Add to cart
      <!----></button> <!----> <!----> <!----></div> <!----></div></div> <!----></div></div></div> <div class="product-tile_action-items"><!----> <!----> <div class="shopping-list-menu_container"><div class="relative-el"><button aria-label="add to shopping list" class="button pdl-product-detail_top-icon button--fourth pdl-product-detail_top-icon--borderless"><!----> <div class="vector-icon-size--large"><svg xmlns="http://www.w3.org/2000/svg" aria-label="Shopping List Icon Add" viewBox="0 0 32 32" role="presentation" aria-hidden="true" focusable="false" class="vector-icon-color--dark-grey"><title lang="en">Shopping List Icon Add</title><desc></desc><g fill="" stroke=""><g><path d="M21.94066,15.3368884 L21.94066,12.8931995 C21.94066,12.3409148 22.3883752,11.8931995 22.94066,11.8931995 C23.4929447,11.8931995 23.94066,12.3409148 23.94066,12.8931995 L23.94066,15.3368884 L26.2522624,15.3368884 C26.8045471,15.3368884 27.2522624,15.7846037 27.2522624,16.3368884 C27.2522624,16.8891732 26.8045471,17.3368884 26.2522624,17.3368884 L23.94066,17.3368884 L23.94066,19.8787952 C23.94066,20.43108 23.4929447,20.8787952 22.94066,20.8787952 C22.3883752,20.8787952 21.94066,20.43108 21.94066,19.8787952 L21.94066,17.3368884 L19.2666667,17.3368884 C18.7143819,17.3368884 18.2666667,16.8891732 18.2666667,16.3368884 C18.2666667,15.7846037 18.7143819,15.3368884 19.2666667,15.3368884 L21.94066,15.3368884 Z M8,12 C7.44771525,12 7,11.5522847 7,11 C7,10.4477153 7.44771525,10 8,10 L19.1153581,10 C19.6676429,10 20.1153581,10.4477153 20.1153581,11 C20.1153581,11.5522847 19.6676429,12 19.1153581,12 L8,12 Z M8,17.3368884 C7.44771525,17.3368884 7,16.8891732 7,16.3368884 C7,15.7846037 7.44771525,15.3368884 8,15.3368884 L14.7200696,15.3368884 C15.2723543,15.3368884 15.7200696,15.7846037 15.7200696,16.3368884 C15.7200696,16.8891732 15.2723543,17.3368884 14.7200696,17.3368884 L8,17.3368884 Z M8,23 C7.44771525,23 7,22.5522847 7,22 C7,21.4477153 7.44771525,21 8,21 L19.1153581,21 C19.6676429,21 20.1153581,21.4477153 20.1153581,22 C20.1153581,22.5522847 19.6676429,23 19.1153581,23 L8,23 Z" fill="#000000" fill-rule="nonzero"></path></g></g></svg></div> <div class="pdl-product-detail_list-tooltip"><p>Add item to shopping list</p> <em></em></div></button></div></div></div> <!----></li> <!----><!----> <!----> <!----> <!----> <li tabindex="-1" data-product-id="118582" class="slot mobile-product-list-cell"><!----> <!----> <!----> <!----> <div class="mobile-product-list-cell_content"><div><!----> <div class="flag_outer-container"><div class=""><svg xmlns="http://www.w3.org/2000/svg" aria-label="Sale" viewBox="0 0 32 32" role="presentation" aria-hidden="true" focusable="false" class="w-20 ml-3"><title lang="en">Sale</title><desc></desc><g fill="" stroke=""><g><path d="M16.56 19.87a3.81 3.81 0 0 1-1-.13l-13.39-3.5a1.5 1.5 0 0 1-1.12-1.34l-.81-11a1.52 1.52 0 0 1 1.39-1.61l27.69-2h.11a1.51 1.51 0 0 1 1.5 1.4l.82 11a1.52 1.52 0 0 1-.91 1.5l-12.72 5.36a3.79 3.79 0 0 1-1.56.32Z" fill="#ed1256"></path><path fill="#fff" d="M29.43.48a1.26 1.26 0 0 1 1.26 1.17l.82 11a1.27 1.27 0 0 1-.76 1.26L18 19.34a3.72 3.72 0 0 1-1.47.3 3.79 3.79 0 0 1-.94-.12L2.24 16a1.27 1.27 0 0 1-1-1.13l-.81-11a1.26 1.26 0 0 1 1.22-1.33L29.34.48h.09m0-.48h-.13L1.62 2A1.76 1.76 0 0 0 0 3.92l.82 11a1.73 1.73 0 0 0 1.3 1.55L15.5 20a4.3 4.3 0 0 0 1.07.14 4.24 4.24 0 0 0 1.65-.34l12.72-5.44A1.76 1.76 0 0 0 32 12.59l-.82-11A1.76 1.76 0 0 0 29.43 0Z"></path><path fill="#fff" d="M3.74 9.87a3 3 0 0 0 .82.55 2.21 2.21 0 0 0 1.08.19 1.6 1.6 0 0 0 .29 0 1 1 0 0 0 .26-.12.58.58 0 0 0 .18-.2.62.62 0 0 0 0-.31.59.59 0 0 0-.32-.49 3.38 3.38 0 0 0-.85-.34L4.84 9a4.19 4.19 0 0 1-.69-.26 2.44 2.44 0 0 1-.63-.41 1.92 1.92 0 0 1-.7-1.42 2.68 2.68 0 0 1 .1-1A2.2 2.2 0 0 1 3.39 5a2.42 2.42 0 0 1 .82-.6 3.15 3.15 0 0 1 1.17-.28 3.68 3.68 0 0 1 1.72.24 3 3 0 0 1 .57.29A2.66 2.66 0 0 1 8 5l-.82 1.37a4.42 4.42 0 0 0-.82-.45 2 2 0 0 0-.85-.13 1.4 1.4 0 0 0-.28.06A.9.9 0 0 0 5 6a.62.62 0 0 0-.16.2.5.5 0 0 0 0 .28.6.6 0 0 0 .1.31.68.68 0 0 0 .24.2 1.27 1.27 0 0 0 .35.15l.43.13.35.09a7.49 7.49 0 0 1 .69.22 2.2 2.2 0 0 1 .72.42 2.46 2.46 0 0 1 .54.68 2.31 2.31 0 0 1 .27 1 2.15 2.15 0 0 1-.15 1 2.53 2.53 0 0 1-.56.84 2.77 2.77 0 0 1-.88.59 4 4 0 0 1-1.11.27A4.67 4.67 0 0 1 4 12.25a3.79 3.79 0 0 1-1.28-.75ZM11.29 3.89l2.17-.16 3.1 7.7-2 .15L14 10l-2.39.18-.35 1.67-2 .14Zm2.15 4.6-1-2.84-.61 2.95ZM17 3.47l1.89-.14.44 6 3.3-.25.16 1.92-5.19.39ZM23.36 3l5.13-.38.13 1.8-3.24.24.09 1.22 2.66-.2.12 1.7-2.65.2.09 1.35 3.46-.26.13 1.81-5.34.4Z"></path></g></g></svg></div> <!----> <!----> <!----></div></div> <div class="mobile-product-list-cell_left"><div><!----> <img src="data:image/svg+xml;base64,PD94bWwgdmVyc2lvbj0iMS4wIiBlbmNvZGluZz0idXRmLTgiPz4KPCEtLSBHZW5lcmF0ZWQgYnkgSWNvTW9vbi5pbyAtLT4KPCFET0NUWVBFIHN2ZyBQVUJMSUMgIi0vL1czQy8vRFREIFNWRyAxLjEvL0VOIiAiaHR0cDovL3d3dy53My5vcmcvR3JhcGhpY3MvU1ZHLzEuMS9EVEQvc3ZnMTEuZHRkIj4KPHN2ZyB2ZXJzaW9uPSIxLjEiIHhtbG5zPSJodHRwOi8vd3d3LnczLm9yZy8yMDAwL3N2ZyIgeG1sbnM6eGxpbms9Imh0dHA6Ly93d3cudzMub3JnLzE5OTkveGxpbmsiIHdpZHRoPSI0OCIgaGVpZ2h0PSI0OCIgdmlld0JveD0iMCAwIDQ4IDQ4Ij4KPGcgaWQ9Imljb21vb24taWdub3JlIj4KCTxsaW5lIHN0cm9rZS13aWR0aD0iMSIgeDE9IiIgeTE9IiIgeDI9IiIgeTI9IiIgc3Ryb2tlPSIjNDQ5RkRCIiBvcGFjaXR5PSIiPjwvbGluZT4KPC9nPgoJPHBhdGggZD0iTTM4LjQ4IDkuMDcwYzAuMjQ4IDAgMC40NSAwLjIwMiAwLjQ1IDAuNDV2MjguOTU5YzAgMC4yNDgtMC4yMDIgMC40NS0wLjQ1IDAuNDVoLTI4Ljk1OWMtMC4yNDggMC0wLjQ1LTAuMjAyLTAuNDUtMC40NXYtMjguOTU5YzAtMC4yNDggMC4yMDItMC40NSAwLjQ1LTAuNDVoMjguOTU5ek0zOC40OCA4aC0yOC45NTljLTAuODQgMC0xLjUyIDAuNjgxLTEuNTIgMS41MjF2MjguOTU5YzAgMC44NCAwLjY4MSAxLjUyMSAxLjUyIDEuNTIxaDI4Ljk1OWMwLjg0IDAgMS41Mi0wLjY4MSAxLjUyLTEuNTIxdi0yOC45NTljMC0wLjg0LTAuNjgxLTEuNTIxLTEuNTItMS41MjF2MHoiIG9wYWNpdHk9IjEiIHZpc2liaWxpdHk9ImZhbHNlIiBmaWxsPSIjZDdkN2Q3Ij48L3BhdGg+Cgk8cGF0aCBkPSJNMTIuMjI4IDM1LjIyNHYtMy4zMjljMC0wLjE0NSAwLjA1OC0wLjI4NSAwLjE2LTAuMzg4bDUuNTg3LTUuNTg3YzAuMjE0LTAuMjE0IDAuNTYxLTAuMjE0IDAuNzc1IDBsMi4xMTkgMi4xMTljMC4yMTQgMC4yMTQgMC41NjEgMC4yMTQgMC43NzUgMGw4LjE5MS04LjE5MmMwLjIxNC0wLjIxNCAwLjU2MS0wLjIxNCAwLjc3NSAwbDUgNWMwLjEwMyAwLjEwMyAwLjE2IDAuMjQyIDAuMTYgMC4zODh2OS45ODhjMCAwLjMwMy0wLjI0NSAwLjU0OC0wLjU0OCAwLjU0OGgtMjIuNDQ3Yy0wLjMwMyAwLTAuNTQ4LTAuMjQ1LTAuNTQ4LTAuNTQ4eiIgb3BhY2l0eT0iMSIgdmlzaWJpbGl0eT0iZmFsc2UiIGZpbGw9IiNkN2Q3ZDciPjwvcGF0aD4KCTxwYXRoIGQ9Ik0yMS41NDQgMTcuOTY3YzAgMS45ODItMS42MDYgMy41ODgtMy41ODggMy41ODhzLTMuNTg4LTEuNjA2LTMuNTg4LTMuNTg4YzAtMS45ODEgMS42MDYtMy41ODggMy41ODgtMy41ODhzMy41ODggMS42MDYgMy41ODggMy41ODh6IiBvcGFjaXR5PSIxIiB2aXNpYmlsaXR5PSJmYWxzZSIgZmlsbD0iI2Q3ZDdkNyI+PC9wYXRoPgo8L3N2Zz4K" alt="Tomatoes on the Vine" skeleton-box-size="9rem" class="product-grid-image object-contain"></div></div> <div class="mobile-product-list-cell_info"><div class="product-tile_detail"><div class="skeleton-loader_wrapper cursor-pointer"><div class="product-grid-cell_price-container product-grid-cell_price-container_column product-grid-cell_price-container--mobile"><span class="product-grid-cell_main-price product-grid-cell_main-price--on-sale"><span class="sr-only">
      Sale Price
    </span>
    $0.67
  </span> <div class="product-grid-cell_was-container"><span class="product-grid-cell_regular-price product-grid-cell_regular-price--small"><span class="sr-only">
        Original Price
      </span>
      $0.94
    </span></div></div> <!----></div> <!----></div> <div class="mobile-product-list-cell_name-content"><div class="skeleton-loader_wrapper"><div class="product-grid-cell_name"><a id="product-name-118582-16761547343589433" href="#" data-opens-modal="true" aria-haspopup="dialog" class="product-grid-cell_name-text product-grid-cell_name-text--clamp-2"><!---->
    Tomatoes on the Vine
  </a></div> <!----> <!----></div> <div class="skeleton-loader_wrapper"><div class="product-grid-cell_sizes"><span class="product-grid-cell_size">
    1 EA
  </span> <span aria-hidden="true">
    |
  </span> <!----> <span class="product-grid-cell_unit">
    $0.67 / EA
  </span></div> <!----></div> <!----> <!----> <!----> <!----> <!----> <!----> <!----></div> <div class="mobile-product-list-cell_bottom"><div class="mobile-product-list-cell_bottom_cart-ui-wrapper"><!----> <!----> <div class="pdl-add-to-cart"><div class="pdl-add-to-cart_button"><button aria-label="Add to cart" data-product-id="118582" data-price="0.67" class="button button--add-to-cart add-sale">
      Add to cart
      <!----></button> <!----> <!----> <!----></div> <!----></div></div> <!----></div></div></div> <div class="product-tile_action-items"><!----> <!----> <div class="shopping-list-menu_container"><div class="relative-el"><button aria-label="add to shopping list" class="button pdl-product-detail_top-icon button--fourth pdl-product-detail_top-icon--borderless"><!----> <div class="vector-icon-size--large"><svg xmlns="http://www.w3.org/2000/svg" aria-label="Shopping List Icon Add" viewBox="0 0 32 32" role="presentation" aria-hidden="true" focusable="false" class="vector-icon-color--dark-grey"><title lang="en">Shopping List Icon Add</title><desc></desc><g fill="" stroke=""><g><path d="M21.94066,15.3368884 L21.94066,12.8931995 C21.94066,12.3409148 22.3883752,11.8931995 22.94066,11.8931995 C23.4929447,11.8931995 23.94066,12.3409148 23.94066,12.8931995 L23.94066,15.3368884 L26.2522624,15.3368884 C26.8045471,15.3368884 27.2522624,15.7846037 27.2522624,16.3368884 C27.2522624,16.8891732 26.8045471,17.3368884 26.2522624,17.3368884 L23.94066,17.3368884 L23.94066,19.8787952 C23.94066,20.43108 23.4929447,20.8787952 22.94066,20.8787952 C22.3883752,20.8787952 21.94066,20.43108 21.94066,19.8787952 L21.94066,17.3368884 L19.2666667,17.3368884 C18.7143819,17.3368884 18.2666667,16.8891732 18.2666667,16.3368884 C18.2666667,15.7846037 18.7143819,15.3368884 19.2666667,15.3368884 L21.94066,15.3368884 Z M8,12 C7.44771525,12 7,11.5522847 7,11 C7,10.4477153 7.44771525,10 8,10 L19.1153581,10 C19.6676429,10 20.1153581,10.4477153 20.1153581,11 C20.1153581,11.5522847 19.6676429,12 19.1153581,12 L8,12 Z M8,17.3368884 C7.44771525,17.3368884 7,16.8891732 7,16.3368884 C7,15.7846037 7.44771525,15.3368884 8,15.3368884 L14.7200696,15.3368884 C15.2723543,15.3368884 15.7200696,15.7846037 15.7200696,16.3368884 C15.7200696,16.8891732 15.2723543,17.3368884 14.7200696,17.3368884 L8,17.3368884 Z M8,23 C7.44771525,23 7,22.5522847 7,22 C7,21.4477153 7.44771525,21 8,21 L19.1153581,21 C19.6676429,21 20.1153581,21.4477153 20.1153581,22 C20.1153581,22.5522847 19.6676429,23 19.1153581,23 L8,23 Z" fill="#000000" fill-rule="nonzero"></path></g></g></svg></div> <div class="pdl-product-detail_list-tooltip"><p>Add item to shopping list</p> <em></em></div></button></div></div></div> <!----></li> <!----><!----> <li class="flex justify-center py-16 px-4 w-full interwoven-track-log flex-wrap gap-16"><div class="relative flex justify-center spyglass-nav-group_wrapper"><!----> <div aria-label="Organic and free-from" tabindex="0" role="link" class="relative cursor-pointer my-0 mx-10 w-[27rem] h-[22rem]"><div class="rounded-xl border border-solid border-gray-100"><div class="h-56 w-full relative overflow-hidden"><!----> <img src="https://i5.peapod.com/c/UR/URGOO.jpg" alt="Nature's Promise products" class="rounded-t-xl"></div> <div class="flex justify-between py-6 px-4 h-28 items-center"><div><span class="font-semibold">Organic and free-from</span> <p class="text-gray-600 text-sm">Shop Nature's Promise</p></div> <div><div class="vector-icon-size--arrow pt-3"><svg xmlns="http://www.w3.org/2000/svg" aria-label="Arrow Icon" viewBox="0 0 32 32" role="presentation" aria-hidden="true" focusable="false" class="vector-icon-color--prime"><title lang="en">Arrow Icon</title><desc></desc><g fill="" stroke=""><path d="M0.626 31.374c0.833 0.833 2.188 0.833 3.021 0l13.858-13.858c0.419-0.419 0.628-0.97 0.624-1.517 0-0.551-0.205-1.098-0.624-1.517l-13.858-13.856c-0.833-0.833-2.188-0.833-3.021 0s-0.833 2.188 0 3.021l12.354 12.354-12.354 12.354c-0.833 0.833-0.833 2.188 0 3.019z"></path></g></svg></div></div></div></div></div> <!----> <!----> <!----> <!----></div></li> <!----> <!----> <!----> <!----><!----> <!----> <!----> <!----> <li tabindex="-1" data-product-id="118798" class="slot mobile-product-list-cell"><!----> <!----> <!----> <!----> <div class="mobile-product-list-cell_content"><div><!----> <div class="flag_outer-container"><!----> <!----> <!----> <!----></div></div> <div class="mobile-product-list-cell_left"><div><!----> <img src="data:image/svg+xml;base64,PD94bWwgdmVyc2lvbj0iMS4wIiBlbmNvZGluZz0idXRmLTgiPz4KPCEtLSBHZW5lcmF0ZWQgYnkgSWNvTW9vbi5pbyAtLT4KPCFET0NUWVBFIHN2ZyBQVUJMSUMgIi0vL1czQy8vRFREIFNWRyAxLjEvL0VOIiAiaHR0cDovL3d3dy53My5vcmcvR3JhcGhpY3MvU1ZHLzEuMS9EVEQvc3ZnMTEuZHRkIj4KPHN2ZyB2ZXJzaW9uPSIxLjEiIHhtbG5zPSJodHRwOi8vd3d3LnczLm9yZy8yMDAwL3N2ZyIgeG1sbnM6eGxpbms9Imh0dHA6Ly93d3cudzMub3JnLzE5OTkveGxpbmsiIHdpZHRoPSI0OCIgaGVpZ2h0PSI0OCIgdmlld0JveD0iMCAwIDQ4IDQ4Ij4KPGcgaWQ9Imljb21vb24taWdub3JlIj4KCTxsaW5lIHN0cm9rZS13aWR0aD0iMSIgeDE9IiIgeTE9IiIgeDI9IiIgeTI9IiIgc3Ryb2tlPSIjNDQ5RkRCIiBvcGFjaXR5PSIiPjwvbGluZT4KPC9nPgoJPHBhdGggZD0iTTM4LjQ4IDkuMDcwYzAuMjQ4IDAgMC40NSAwLjIwMiAwLjQ1IDAuNDV2MjguOTU5YzAgMC4yNDgtMC4yMDIgMC40NS0wLjQ1IDAuNDVoLTI4Ljk1OWMtMC4yNDggMC0wLjQ1LTAuMjAyLTAuNDUtMC40NXYtMjguOTU5YzAtMC4yNDggMC4yMDItMC40NSAwLjQ1LTAuNDVoMjguOTU5ek0zOC40OCA4aC0yOC45NTljLTAuODQgMC0xLjUyIDAuNjgxLTEuNTIgMS41MjF2MjguOTU5YzAgMC44NCAwLjY4MSAxLjUyMSAxLjUyIDEuNTIxaDI4Ljk1OWMwLjg0IDAgMS41Mi0wLjY4MSAxLjUyLTEuNTIxdi0yOC45NTljMC0wLjg0LTAuNjgxLTEuNTIxLTEuNTItMS41MjF2MHoiIG9wYWNpdHk9IjEiIHZpc2liaWxpdHk9ImZhbHNlIiBmaWxsPSIjZDdkN2Q3Ij48L3BhdGg+Cgk8cGF0aCBkPSJNMTIuMjI4IDM1LjIyNHYtMy4zMjljMC0wLjE0NSAwLjA1OC0wLjI4NSAwLjE2LTAuMzg4bDUuNTg3LTUuNTg3YzAuMjE0LTAuMjE0IDAuNTYxLTAuMjE0IDAuNzc1IDBsMi4xMTkgMi4xMTljMC4yMTQgMC4yMTQgMC41NjEgMC4yMTQgMC43NzUgMGw4LjE5MS04LjE5MmMwLjIxNC0wLjIxNCAwLjU2MS0wLjIxNCAwLjc3NSAwbDUgNWMwLjEwMyAwLjEwMyAwLjE2IDAuMjQyIDAuMTYgMC4zODh2OS45ODhjMCAwLjMwMy0wLjI0NSAwLjU0OC0wLjU0OCAwLjU0OGgtMjIuNDQ3Yy0wLjMwMyAwLTAuNTQ4LTAuMjQ1LTAuNTQ4LTAuNTQ4eiIgb3BhY2l0eT0iMSIgdmlzaWJpbGl0eT0iZmFsc2UiIGZpbGw9IiNkN2Q3ZDciPjwvcGF0aD4KCTxwYXRoIGQ9Ik0yMS41NDQgMTcuOTY3YzAgMS45ODItMS42MDYgMy41ODgtMy41ODggMy41ODhzLTMuNTg4LTEuNjA2LTMuNTg4LTMuNTg4YzAtMS45ODEgMS42MDYtMy41ODggMy41ODgtMy41ODhzMy41ODggMS42MDYgMy41ODggMy41ODh6IiBvcGFjaXR5PSIxIiB2aXNpYmlsaXR5PSJmYWxzZSIgZmlsbD0iI2Q3ZDdkNyI+PC9wYXRoPgo8L3N2Zz4K" alt="Sweet Potatoes" skeleton-box-size="9rem" class="product-grid-image object-contain"></div></div> <div class="mobile-product-list-cell_info"><div class="product-tile_detail"><div class="skeleton-loader_wrapper cursor-pointer"><div class="product-grid-cell_price-container product-grid-cell_price-container--mobile"><span class="product-grid-cell_main-price"><!---->
    $1.07
  </span> <!----></div> <!----></div> <!----></div> <div class="mobile-product-list-cell_name-content"><div class="skeleton-loader_wrapper"><div class="product-grid-cell_name"><a id="product-name-118798-16760862936332516" href="#" data-opens-modal="true" aria-haspopup="dialog" class="product-grid-cell_name-text product-grid-cell_name-text--clamp-2"><!---->
    Sweet Potatoes
  </a></div> <!----> <!----></div> <div class="skeleton-loader_wrapper"><div class="product-grid-cell_sizes"><span class="product-grid-cell_size">
    1 EA
  </span> <span aria-hidden="true">
    |
  </span> <!----> <span class="product-grid-cell_unit">
    $1.07 / EA
  </span></div> <!----></div> <!----> <!----> <!----> <!----> <!----> <!----> <!----></div> <div class="mobile-product-list-cell_bottom"><div class="mobile-product-list-cell_bottom_cart-ui-wrapper"><!----> <!----> <div class="pdl-add-to-cart"><div class="pdl-add-to-cart_button"><button aria-label="Add to cart" data-product-id="118798" data-price="1.07" class="button button--add-to-cart">
      Add to cart
      <!----></button> <!----> <!----> <!----></div> <!----></div></div> <!----></div></div></div> <div class="product-tile_action-items"><!----> <!----> <div class="shopping-list-menu_container"><div class="relative-el"><button aria-label="add to shopping list" class="button pdl-product-detail_top-icon button--fourth pdl-product-detail_top-icon--borderless"><!----> <div class="vector-icon-size--large"><svg xmlns="http://www.w3.org/2000/svg" aria-label="Shopping List Icon Add" viewBox="0 0 32 32" role="presentation" aria-hidden="true" focusable="false" class="vector-icon-color--dark-grey"><title lang="en">Shopping List Icon Add</title><desc></desc><g fill="" stroke=""><g><path d="M21.94066,15.3368884 L21.94066,12.8931995 C21.94066,12.3409148 22.3883752,11.8931995 22.94066,11.8931995 C23.4929447,11.8931995 23.94066,12.3409148 23.94066,12.8931995 L23.94066,15.3368884 L26.2522624,15.3368884 C26.8045471,15.3368884 27.2522624,15.7846037 27.2522624,16.3368884 C27.2522624,16.8891732 26.8045471,17.3368884 26.2522624,17.3368884 L23.94066,17.3368884 L23.94066,19.8787952 C23.94066,20.43108 23.4929447,20.8787952 22.94066,20.8787952 C22.3883752,20.8787952 21.94066,20.43108 21.94066,19.8787952 L21.94066,17.3368884 L19.2666667,17.3368884 C18.7143819,17.3368884 18.2666667,16.8891732 18.2666667,16.3368884 C18.2666667,15.7846037 18.7143819,15.3368884 19.2666667,15.3368884 L21.94066,15.3368884 Z M8,12 C7.44771525,12 7,11.5522847 7,11 C7,10.4477153 7.44771525,10 8,10 L19.1153581,10 C19.6676429,10 20.1153581,10.4477153 20.1153581,11 C20.1153581,11.5522847 19.6676429,12 19.1153581,12 L8,12 Z M8,17.3368884 C7.44771525,17.3368884 7,16.8891732 7,16.3368884 C7,15.7846037 7.44771525,15.3368884 8,15.3368884 L14.7200696,15.3368884 C15.2723543,15.3368884 15.7200696,15.7846037 15.7200696,16.3368884 C15.7200696,16.8891732 15.2723543,17.3368884 14.7200696,17.3368884 L8,17.3368884 Z M8,23 C7.44771525,23 7,22.5522847 7,22 C7,21.4477153 7.44771525,21 8,21 L19.1153581,21 C19.6676429,21 20.1153581,21.4477153 20.1153581,22 C20.1153581,22.5522847 19.6676429,23 19.1153581,23 L8,23 Z" fill="#000000" fill-rule="nonzero"></path></g></g></svg></div> <div class="pdl-product-detail_list-tooltip"><p>Add item to shopping list</p> <em></em></div></button></div></div></div> <!----></li> <!----><!----> <!----> <!----> <!----> <li tabindex="-1" data-product-id="118774" class="slot mobile-product-list-cell"><!----> <!----> <!----> <!----> <div class="mobile-product-list-cell_content"><div><!----> <div class="flag_outer-container"><!----> <!----> <!----> <!----></div></div> <div class="mobile-product-list-cell_left"><div><!----> <img src="data:image/svg+xml;base64,PD94bWwgdmVyc2lvbj0iMS4wIiBlbmNvZGluZz0idXRmLTgiPz4KPCEtLSBHZW5lcmF0ZWQgYnkgSWNvTW9vbi5pbyAtLT4KPCFET0NUWVBFIHN2ZyBQVUJMSUMgIi0vL1czQy8vRFREIFNWRyAxLjEvL0VOIiAiaHR0cDovL3d3dy53My5vcmcvR3JhcGhpY3MvU1ZHLzEuMS9EVEQvc3ZnMTEuZHRkIj4KPHN2ZyB2ZXJzaW9uPSIxLjEiIHhtbG5zPSJodHRwOi8vd3d3LnczLm9yZy8yMDAwL3N2ZyIgeG1sbnM6eGxpbms9Imh0dHA6Ly93d3cudzMub3JnLzE5OTkveGxpbmsiIHdpZHRoPSI0OCIgaGVpZ2h0PSI0OCIgdmlld0JveD0iMCAwIDQ4IDQ4Ij4KPGcgaWQ9Imljb21vb24taWdub3JlIj4KCTxsaW5lIHN0cm9rZS13aWR0aD0iMSIgeDE9IiIgeTE9IiIgeDI9IiIgeTI9IiIgc3Ryb2tlPSIjNDQ5RkRCIiBvcGFjaXR5PSIiPjwvbGluZT4KPC9nPgoJPHBhdGggZD0iTTM4LjQ4IDkuMDcwYzAuMjQ4IDAgMC40NSAwLjIwMiAwLjQ1IDAuNDV2MjguOTU5YzAgMC4yNDgtMC4yMDIgMC40NS0wLjQ1IDAuNDVoLTI4Ljk1OWMtMC4yNDggMC0wLjQ1LTAuMjAyLTAuNDUtMC40NXYtMjguOTU5YzAtMC4yNDggMC4yMDItMC40NSAwLjQ1LTAuNDVoMjguOTU5ek0zOC40OCA4aC0yOC45NTljLTAuODQgMC0xLjUyIDAuNjgxLTEuNTIgMS41MjF2MjguOTU5YzAgMC44NCAwLjY4MSAxLjUyMSAxLjUyIDEuNTIxaDI4Ljk1OWMwLjg0IDAgMS41Mi0wLjY4MSAxLjUyLTEuNTIxdi0yOC45NTljMC0wLjg0LTAuNjgxLTEuNTIxLTEuNTItMS41MjF2MHoiIG9wYWNpdHk9IjEiIHZpc2liaWxpdHk9ImZhbHNlIiBmaWxsPSIjZDdkN2Q3Ij48L3BhdGg+Cgk8cGF0aCBkPSJNMTIuMjI4IDM1LjIyNHYtMy4zMjljMC0wLjE0NSAwLjA1OC0wLjI4NSAwLjE2LTAuMzg4bDUuNTg3LTUuNTg3YzAuMjE0LTAuMjE0IDAuNTYxLTAuMjE0IDAuNzc1IDBsMi4xMTkgMi4xMTljMC4yMTQgMC4yMTQgMC41NjEgMC4yMTQgMC43NzUgMGw4LjE5MS04LjE5MmMwLjIxNC0wLjIxNCAwLjU2MS0wLjIxNCAwLjc3NSAwbDUgNWMwLjEwMyAwLjEwMyAwLjE2IDAuMjQyIDAuMTYgMC4zODh2OS45ODhjMCAwLjMwMy0wLjI0NSAwLjU0OC0wLjU0OCAwLjU0OGgtMjIuNDQ3Yy0wLjMwMyAwLTAuNTQ4LTAuMjQ1LTAuNTQ4LTAuNTQ4eiIgb3BhY2l0eT0iMSIgdmlzaWJpbGl0eT0iZmFsc2UiIGZpbGw9IiNkN2Q3ZDciPjwvcGF0aD4KCTxwYXRoIGQ9Ik0yMS41NDQgMTcuOTY3YzAgMS45ODItMS42MDYgMy41ODgtMy41ODggMy41ODhzLTMuNTg4LTEuNjA2LTMuNTg4LTMuNTg4YzAtMS45ODEgMS42MDYtMy41ODggMy41ODgtMy41ODhzMy41ODggMS42MDYgMy41ODggMy41ODh6IiBvcGFjaXR5PSIxIiB2aXNpYmlsaXR5PSJmYWxzZSIgZmlsbD0iI2Q3ZDdkNyI+PC9wYXRoPgo8L3N2Zz4K" alt="Stop &amp; Shop Carrots Fresh" skeleton-box-size="9rem" class="product-grid-image object-contain"></div></div> <div class="mobile-product-list-cell_info"><div class="product-tile_detail"><div class="skeleton-loader_wrapper cursor-pointer"><div class="product-grid-cell_price-container product-grid-cell_price-container--mobile"><span class="product-grid-cell_main-price"><!---->
    $2.29
  </span> <!----></div> <!----></div> <!----></div> <div class="mobile-product-list-cell_name-content"><div class="skeleton-loader_wrapper"><div class="product-grid-cell_name"><a id="product-name-118774-16760862936377134" href="#" data-opens-modal="true" aria-haspopup="dialog" class="product-grid-cell_name-text product-grid-cell_name-text--clamp-2"><span class="vector-icon_inline-text--left mr-0"><div class="vector-icon-size--xsmall"><svg xmlns="http://www.w3.org/2000/svg" aria-label="Ahold Icon" viewBox="0 0 1024 945" role="presentation" aria-hidden="true" focusable="false" class=""><title lang="en">Ahold Icon</title><desc></desc><g fill="" stroke=""><g><path d="M1.893 730.617c-1.289-2.094-2.052-4.631-2.052-7.346 0-.747.058-1.481.169-2.197.158-12.396 10.227-22.466 22.687-22.634h895.306c12.476.168 22.545 10.237 22.713 22.698-.521 3.721-1.182 6.924-2.024 10.053l.131-.574c-86.363 175.072-263.598 293.385-468.466 293.385S88.254 905.689 3.252 733.663l-1.361-3.046z" fill="#F7A800" class="path1"></path> <path d="M107.889 132.495c1.893-1.893 1.893-3.786 3.786-5.678 2.98-3.491 7.385-5.69 12.303-5.69s9.323 2.199 12.284 5.668l.019.022L613.264 603.8c3.491 2.98 5.69 7.385 5.69 12.303s-2.199 9.323-5.668 12.284c-1.399 1.869-3.361 3.216-5.631 3.789l-.069.015c-38.446 13.732-82.796 21.669-129.001 21.669-108.416 0-206.626-43.699-277.977-114.443C130.241 467.591 86.799 369.1 86.799 260.462c0-45.803 7.722-89.803 21.936-130.767l-.845 2.8z" fill="#E2231A" class="path2"></path> <path d="M600.015 1.893a6.922 6.922 0 0 1 5.713-1.889c.057-.006.164-.007.272-.007 7.15 0 12.947 5.796 12.947 12.947 0 .108-.001.215-.004.322v-.016 503.482c.002.091.004.199.004.306 0 7.15-5.796 12.947-12.947 12.947-.108 0-.215-.001-.322-.004a6.925 6.925 0 0 1-5.665-1.895l.002.002c-98.273-48.542-164.673-148.065-164.673-263.098S501.743 50.434 598.306 2.657l1.709-.765z" fill="#712177" class="path3"></path> <path d="M938.824 283.919c1.893 0 1.893 1.893 3.786 1.893 1.765 2.012 2.841 4.666 2.841 7.571s-1.077 5.559-2.853 7.584l.011-.013-268.776 266.884c-2.012 1.765-4.666 2.841-7.571 2.841s-5.559-1.077-7.584-2.853a3.774 3.774 0 0 1-1.877-3.793l-.002.019c-7.681-21.529-12.12-46.363-12.12-72.235 0-61.263 24.891-116.712 65.111-156.786 39.326-39.792 93.895-64.431 154.219-64.431 26.857 0 52.573 4.884 76.309 13.812l-1.494-.493z" fill="#82BC00" class="path4"></path></g></g></svg></div></span>
    Stop &amp; Shop Carrots Fresh
  </a></div> <!----> <!----></div> <div class="skeleton-loader_wrapper"><div class="product-grid-cell_sizes"><span class="product-grid-cell_size">
    2 LB BAG
  </span> <span aria-hidden="true">
    |
  </span> <!----> <span class="product-grid-cell_unit">
    $0.07 / OZ
  </span></div> <!----></div> <!----> <!----> <!----> <!----> <!----> <!----> <!----></div> <div class="mobile-product-list-cell_bottom"><div class="mobile-product-list-cell_bottom_cart-ui-wrapper"><!----> <!----> <div class="pdl-add-to-cart"><div class="pdl-add-to-cart_button"><button aria-label="Add to cart" data-product-id="118774" data-price="2.29" class="button button--add-to-cart">
      Add to cart
      <!----></button> <!----> <!----> <!----></div> <!----></div></div> <!----></div></div></div> <div class="product-tile_action-items"><!----> <!----> <div class="shopping-list-menu_container"><div class="relative-el"><button aria-label="add to shopping list" class="button pdl-product-detail_top-icon button--fourth pdl-product-detail_top-icon--borderless"><!----> <div class="vector-icon-size--large"><svg xmlns="http://www.w3.org/2000/svg" aria-label="Shopping List Icon Add" viewBox="0 0 32 32" role="presentation" aria-hidden="true" focusable="false" class="vector-icon-color--dark-grey"><title lang="en">Shopping List Icon Add</title><desc></desc><g fill="" stroke=""><g><path d="M21.94066,15.3368884 L21.94066,12.8931995 C21.94066,12.3409148 22.3883752,11.8931995 22.94066,11.8931995 C23.4929447,11.8931995 23.94066,12.3409148 23.94066,12.8931995 L23.94066,15.3368884 L26.2522624,15.3368884 C26.8045471,15.3368884 27.2522624,15.7846037 27.2522624,16.3368884 C27.2522624,16.8891732 26.8045471,17.3368884 26.2522624,17.3368884 L23.94066,17.3368884 L23.94066,19.8787952 C23.94066,20.43108 23.4929447,20.8787952 22.94066,20.8787952 C22.3883752,20.8787952 21.94066,20.43108 21.94066,19.8787952 L21.94066,17.3368884 L19.2666667,17.3368884 C18.7143819,17.3368884 18.2666667,16.8891732 18.2666667,16.3368884 C18.2666667,15.7846037 18.7143819,15.3368884 19.2666667,15.3368884 L21.94066,15.3368884 Z M8,12 C7.44771525,12 7,11.5522847 7,11 C7,10.4477153 7.44771525,10 8,10 L19.1153581,10 C19.6676429,10 20.1153581,10.4477153 20.1153581,11 C20.1153581,11.5522847 19.6676429,12 19.1153581,12 L8,12 Z M8,17.3368884 C7.44771525,17.3368884 7,16.8891732 7,16.3368884 C7,15.7846037 7.44771525,15.3368884 8,15.3368884 L14.7200696,15.3368884 C15.2723543,15.3368884 15.7200696,15.7846037 15.7200696,16.3368884 C15.7200696,16.8891732 15.2723543,17.3368884 14.7200696,17.3368884 L8,17.3368884 Z M8,23 C7.44771525,23 7,22.5522847 7,22 C7,21.4477153 7.44771525,21 8,21 L19.1153581,21 C19.6676429,21 20.1153581,21.4477153 20.1153581,22 C20.1153581,22.5522847 19.6676429,23 19.1153581,23 L8,23 Z" fill="#000000" fill-rule="nonzero"></path></g></g></svg></div> <div class="pdl-product-detail_list-tooltip"><p>Add item to shopping list</p> <em></em></div></button></div></div></div> <!----></li> <!----><!----> <!----> <!----> <!----> <li tabindex="-1" data-product-id="118781" class="slot mobile-product-list-cell"><!----> <!----> <!----> <!----> <div class="mobile-product-list-cell_content"><div><!----> <div class="flag_outer-container"><!----> <!----> <!----> <!----></div></div> <div class="mobile-product-list-cell_left"><div><!----> <img src="data:image/svg+xml;base64,PD94bWwgdmVyc2lvbj0iMS4wIiBlbmNvZGluZz0idXRmLTgiPz4KPCEtLSBHZW5lcmF0ZWQgYnkgSWNvTW9vbi5pbyAtLT4KPCFET0NUWVBFIHN2ZyBQVUJMSUMgIi0vL1czQy8vRFREIFNWRyAxLjEvL0VOIiAiaHR0cDovL3d3dy53My5vcmcvR3JhcGhpY3MvU1ZHLzEuMS9EVEQvc3ZnMTEuZHRkIj4KPHN2ZyB2ZXJzaW9uPSIxLjEiIHhtbG5zPSJodHRwOi8vd3d3LnczLm9yZy8yMDAwL3N2ZyIgeG1sbnM6eGxpbms9Imh0dHA6Ly93d3cudzMub3JnLzE5OTkveGxpbmsiIHdpZHRoPSI0OCIgaGVpZ2h0PSI0OCIgdmlld0JveD0iMCAwIDQ4IDQ4Ij4KPGcgaWQ9Imljb21vb24taWdub3JlIj4KCTxsaW5lIHN0cm9rZS13aWR0aD0iMSIgeDE9IiIgeTE9IiIgeDI9IiIgeTI9IiIgc3Ryb2tlPSIjNDQ5RkRCIiBvcGFjaXR5PSIiPjwvbGluZT4KPC9nPgoJPHBhdGggZD0iTTM4LjQ4IDkuMDcwYzAuMjQ4IDAgMC40NSAwLjIwMiAwLjQ1IDAuNDV2MjguOTU5YzAgMC4yNDgtMC4yMDIgMC40NS0wLjQ1IDAuNDVoLTI4Ljk1OWMtMC4yNDggMC0wLjQ1LTAuMjAyLTAuNDUtMC40NXYtMjguOTU5YzAtMC4yNDggMC4yMDItMC40NSAwLjQ1LTAuNDVoMjguOTU5ek0zOC40OCA4aC0yOC45NTljLTAuODQgMC0xLjUyIDAuNjgxLTEuNTIgMS41MjF2MjguOTU5YzAgMC44NCAwLjY4MSAxLjUyMSAxLjUyIDEuNTIxaDI4Ljk1OWMwLjg0IDAgMS41Mi0wLjY4MSAxLjUyLTEuNTIxdi0yOC45NTljMC0wLjg0LTAuNjgxLTEuNTIxLTEuNTItMS41MjF2MHoiIG9wYWNpdHk9IjEiIHZpc2liaWxpdHk9ImZhbHNlIiBmaWxsPSIjZDdkN2Q3Ij48L3BhdGg+Cgk8cGF0aCBkPSJNMTIuMjI4IDM1LjIyNHYtMy4zMjljMC0wLjE0NSAwLjA1OC0wLjI4NSAwLjE2LTAuMzg4bDUuNTg3LTUuNTg3YzAuMjE0LTAuMjE0IDAuNTYxLTAuMjE0IDAuNzc1IDBsMi4xMTkgMi4xMTljMC4yMTQgMC4yMTQgMC41NjEgMC4yMTQgMC43NzUgMGw4LjE5MS04LjE5MmMwLjIxNC0wLjIxNCAwLjU2MS0wLjIxNCAwLjc3NSAwbDUgNWMwLjEwMyAwLjEwMyAwLjE2IDAuMjQyIDAuMTYgMC4zODh2OS45ODhjMCAwLjMwMy0wLjI0NSAwLjU0OC0wLjU0OCAwLjU0OGgtMjIuNDQ3Yy0wLjMwMyAwLTAuNTQ4LTAuMjQ1LTAuNTQ4LTAuNTQ4eiIgb3BhY2l0eT0iMSIgdmlzaWJpbGl0eT0iZmFsc2UiIGZpbGw9IiNkN2Q3ZDciPjwvcGF0aD4KCTxwYXRoIGQ9Ik0yMS41NDQgMTcuOTY3YzAgMS45ODItMS42MDYgMy41ODgtMy41ODggMy41ODhzLTMuNTg4LTEuNjA2LTMuNTg4LTMuNTg4YzAtMS45ODEgMS42MDYtMy41ODggMy41ODgtMy41ODhzMy41ODggMS42MDYgMy41ODggMy41ODh6IiBvcGFjaXR5PSIxIiB2aXNpYmlsaXR5PSJmYWxzZSIgZmlsbD0iI2Q3ZDdkNyI+PC9wYXRoPgo8L3N2Zz4K" alt="Stop &amp; Shop Baby Carrots Cut Peeled" skeleton-box-size="9rem" class="product-grid-image object-contain"></div></div> <div class="mobile-product-list-cell_info"><div class="product-tile_detail"><div class="skeleton-loader_wrapper cursor-pointer"><div class="product-grid-cell_price-container product-grid-cell_price-container--mobile"><span class="product-grid-cell_main-price"><!---->
    $1.99
  </span> <!----></div> <!----></div> <!----></div> <div class="mobile-product-list-cell_name-content"><div class="skeleton-loader_wrapper"><div class="product-grid-cell_name"><a id="product-name-118781-16760862936514693" href="#" data-opens-modal="true" aria-haspopup="dialog" class="product-grid-cell_name-text product-grid-cell_name-text--clamp-2"><span class="vector-icon_inline-text--left mr-0"><div class="vector-icon-size--xsmall"><svg xmlns="http://www.w3.org/2000/svg" aria-label="Ahold Icon" viewBox="0 0 1024 945" role="presentation" aria-hidden="true" focusable="false" class=""><title lang="en">Ahold Icon</title><desc></desc><g fill="" stroke=""><g><path d="M1.893 730.617c-1.289-2.094-2.052-4.631-2.052-7.346 0-.747.058-1.481.169-2.197.158-12.396 10.227-22.466 22.687-22.634h895.306c12.476.168 22.545 10.237 22.713 22.698-.521 3.721-1.182 6.924-2.024 10.053l.131-.574c-86.363 175.072-263.598 293.385-468.466 293.385S88.254 905.689 3.252 733.663l-1.361-3.046z" fill="#F7A800" class="path1"></path> <path d="M107.889 132.495c1.893-1.893 1.893-3.786 3.786-5.678 2.98-3.491 7.385-5.69 12.303-5.69s9.323 2.199 12.284 5.668l.019.022L613.264 603.8c3.491 2.98 5.69 7.385 5.69 12.303s-2.199 9.323-5.668 12.284c-1.399 1.869-3.361 3.216-5.631 3.789l-.069.015c-38.446 13.732-82.796 21.669-129.001 21.669-108.416 0-206.626-43.699-277.977-114.443C130.241 467.591 86.799 369.1 86.799 260.462c0-45.803 7.722-89.803 21.936-130.767l-.845 2.8z" fill="#E2231A" class="path2"></path> <path d="M600.015 1.893a6.922 6.922 0 0 1 5.713-1.889c.057-.006.164-.007.272-.007 7.15 0 12.947 5.796 12.947 12.947 0 .108-.001.215-.004.322v-.016 503.482c.002.091.004.199.004.306 0 7.15-5.796 12.947-12.947 12.947-.108 0-.215-.001-.322-.004a6.925 6.925 0 0 1-5.665-1.895l.002.002c-98.273-48.542-164.673-148.065-164.673-263.098S501.743 50.434 598.306 2.657l1.709-.765z" fill="#712177" class="path3"></path> <path d="M938.824 283.919c1.893 0 1.893 1.893 3.786 1.893 1.765 2.012 2.841 4.666 2.841 7.571s-1.077 5.559-2.853 7.584l.011-.013-268.776 266.884c-2.012 1.765-4.666 2.841-7.571 2.841s-5.559-1.077-7.584-2.853a3.774 3.774 0 0 1-1.877-3.793l-.002.019c-7.681-21.529-12.12-46.363-12.12-72.235 0-61.263 24.891-116.712 65.111-156.786 39.326-39.792 93.895-64.431 154.219-64.431 26.857 0 52.573 4.884 76.309 13.812l-1.494-.493z" fill="#82BC00" class="path4"></path></g></g></svg></div></span>
    Stop &amp; Shop Baby Carrots Cut Peeled
  </a></div> <!----> <!----></div> <div class="skeleton-loader_wrapper"><div class="product-grid-cell_sizes"><span class="product-grid-cell_size">
    16 OZ BAG
  </span> <span aria-hidden="true">
    |
  </span> <!----> <span class="product-grid-cell_unit">
    $0.12 / OZ
  </span></div> <!----></div> <!----> <div id="coupon-link-118781-16760862936514693" tabindex="0" role="link" aria-label="Open coupon details" data-opens-modal="true" class="product-tile_coupon-offer product-tile_coupon-offer-eci product-tile_coupon-offer--mobile" is-mobile="true"><div class="product-tile_coupon-offer-display"><!----> <div class="vector-icon_mobile-center"><!----></div> <div class="product-tile_coupon-offer-name flex-center product-tile_coupon-offer-name--full-tile"><!---->
      Free Stop &amp; Shop Peeled Baby-Cut Carrots when you buy 1 Bolthouse Farms Yogurt Dressing or Dip
    </div></div> <!----> <div class="product-tile_coupon-offer-loading-coupon"><!----></div></div> <!----> <!----> <!----> <!----> <!----></div> <div class="mobile-product-list-cell_bottom"><div class="mobile-product-list-cell_bottom_cart-ui-wrapper"><!----> <!----> <div class="pdl-add-to-cart"><div class="pdl-add-to-cart_button"><button aria-label="Add to cart" data-product-id="118781" data-price="1.99" class="button button--add-to-cart">
      Add to cart
      <!----></button> <!----> <!----> <!----></div> <!----></div></div> <!----></div></div></div> <div class="product-tile_action-items"><!----> <!----> <div class="shopping-list-menu_container"><div class="relative-el"><button aria-label="add to shopping list" class="button pdl-product-detail_top-icon button--fourth pdl-product-detail_top-icon--borderless"><!----> <div class="vector-icon-size--large"><svg xmlns="http://www.w3.org/2000/svg" aria-label="Shopping List Icon Add" viewBox="0 0 32 32" role="presentation" aria-hidden="true" focusable="false" class="vector-icon-color--dark-grey"><title lang="en">Shopping List Icon Add</title><desc></desc><g fill="" stroke=""><g><path d="M21.94066,15.3368884 L21.94066,12.8931995 C21.94066,12.3409148 22.3883752,11.8931995 22.94066,11.8931995 C23.4929447,11.8931995 23.94066,12.3409148 23.94066,12.8931995 L23.94066,15.3368884 L26.2522624,15.3368884 C26.8045471,15.3368884 27.2522624,15.7846037 27.2522624,16.3368884 C27.2522624,16.8891732 26.8045471,17.3368884 26.2522624,17.3368884 L23.94066,17.3368884 L23.94066,19.8787952 C23.94066,20.43108 23.4929447,20.8787952 22.94066,20.8787952 C22.3883752,20.8787952 21.94066,20.43108 21.94066,19.8787952 L21.94066,17.3368884 L19.2666667,17.3368884 C18.7143819,17.3368884 18.2666667,16.8891732 18.2666667,16.3368884 C18.2666667,15.7846037 18.7143819,15.3368884 19.2666667,15.3368884 L21.94066,15.3368884 Z M8,12 C7.44771525,12 7,11.5522847 7,11 C7,10.4477153 7.44771525,10 8,10 L19.1153581,10 C19.6676429,10 20.1153581,10.4477153 20.1153581,11 C20.1153581,11.5522847 19.6676429,12 19.1153581,12 L8,12 Z M8,17.3368884 C7.44771525,17.3368884 7,16.8891732 7,16.3368884 C7,15.7846037 7.44771525,15.3368884 8,15.3368884 L14.7200696,15.3368884 C15.2723543,15.3368884 15.7200696,15.7846037 15.7200696,16.3368884 C15.7200696,16.8891732 15.2723543,17.3368884 14.7200696,17.3368884 L8,17.3368884 Z M8,23 C7.44771525,23 7,22.5522847 7,22 C7,21.4477153 7.44771525,21 8,21 L19.1153581,21 C19.6676429,21 20.1153581,21.4477153 20.1153581,22 C20.1153581,22.5522847 19.6676429,23 19.1153581,23 L8,23 Z" fill="#000000" fill-rule="nonzero"></path></g></g></svg></div> <div class="pdl-product-detail_list-tooltip"><p>Add item to shopping list</p> <em></em></div></button></div></div></div> <!----></li> <!----><!----> <!----> <!----> <!----> <li tabindex="-1" data-product-id="118612" class="slot mobile-product-list-cell"><!----> <!----> <!----> <!----> <div class="mobile-product-list-cell_content"><div><!----> <div class="flag_outer-container"><!----> <!----> <!----> <!----></div></div> <div class="mobile-product-list-cell_left"><div><!----> <img src="data:image/svg+xml;base64,PD94bWwgdmVyc2lvbj0iMS4wIiBlbmNvZGluZz0idXRmLTgiPz4KPCEtLSBHZW5lcmF0ZWQgYnkgSWNvTW9vbi5pbyAtLT4KPCFET0NUWVBFIHN2ZyBQVUJMSUMgIi0vL1czQy8vRFREIFNWRyAxLjEvL0VOIiAiaHR0cDovL3d3dy53My5vcmcvR3JhcGhpY3MvU1ZHLzEuMS9EVEQvc3ZnMTEuZHRkIj4KPHN2ZyB2ZXJzaW9uPSIxLjEiIHhtbG5zPSJodHRwOi8vd3d3LnczLm9yZy8yMDAwL3N2ZyIgeG1sbnM6eGxpbms9Imh0dHA6Ly93d3cudzMub3JnLzE5OTkveGxpbmsiIHdpZHRoPSI0OCIgaGVpZ2h0PSI0OCIgdmlld0JveD0iMCAwIDQ4IDQ4Ij4KPGcgaWQ9Imljb21vb24taWdub3JlIj4KCTxsaW5lIHN0cm9rZS13aWR0aD0iMSIgeDE9IiIgeTE9IiIgeDI9IiIgeTI9IiIgc3Ryb2tlPSIjNDQ5RkRCIiBvcGFjaXR5PSIiPjwvbGluZT4KPC9nPgoJPHBhdGggZD0iTTM4LjQ4IDkuMDcwYzAuMjQ4IDAgMC40NSAwLjIwMiAwLjQ1IDAuNDV2MjguOTU5YzAgMC4yNDgtMC4yMDIgMC40NS0wLjQ1IDAuNDVoLTI4Ljk1OWMtMC4yNDggMC0wLjQ1LTAuMjAyLTAuNDUtMC40NXYtMjguOTU5YzAtMC4yNDggMC4yMDItMC40NSAwLjQ1LTAuNDVoMjguOTU5ek0zOC40OCA4aC0yOC45NTljLTAuODQgMC0xLjUyIDAuNjgxLTEuNTIgMS41MjF2MjguOTU5YzAgMC44NCAwLjY4MSAxLjUyMSAxLjUyIDEuNTIxaDI4Ljk1OWMwLjg0IDAgMS41Mi0wLjY4MSAxLjUyLTEuNTIxdi0yOC45NTljMC0wLjg0LTAuNjgxLTEuNTIxLTEuNTItMS41MjF2MHoiIG9wYWNpdHk9IjEiIHZpc2liaWxpdHk9ImZhbHNlIiBmaWxsPSIjZDdkN2Q3Ij48L3BhdGg+Cgk8cGF0aCBkPSJNMTIuMjI4IDM1LjIyNHYtMy4zMjljMC0wLjE0NSAwLjA1OC0wLjI4NSAwLjE2LTAuMzg4bDUuNTg3LTUuNTg3YzAuMjE0LTAuMjE0IDAuNTYxLTAuMjE0IDAuNzc1IDBsMi4xMTkgMi4xMTljMC4yMTQgMC4yMTQgMC41NjEgMC4yMTQgMC43NzUgMGw4LjE5MS04LjE5MmMwLjIxNC0wLjIxNCAwLjU2MS0wLjIxNCAwLjc3NSAwbDUgNWMwLjEwMyAwLjEwMyAwLjE2IDAuMjQyIDAuMTYgMC4zODh2OS45ODhjMCAwLjMwMy0wLjI0NSAwLjU0OC0wLjU0OCAwLjU0OGgtMjIuNDQ3Yy0wLjMwMyAwLTAuNTQ4LTAuMjQ1LTAuNTQ4LTAuNTQ4eiIgb3BhY2l0eT0iMSIgdmlzaWJpbGl0eT0iZmFsc2UiIGZpbGw9IiNkN2Q3ZDciPjwvcGF0aD4KCTxwYXRoIGQ9Ik0yMS41NDQgMTcuOTY3YzAgMS45ODItMS42MDYgMy41ODgtMy41ODggMy41ODhzLTMuNTg4LTEuNjA2LTMuNTg4LTMuNTg4YzAtMS45ODEgMS42MDYtMy41ODggMy41ODgtMy41ODhzMy41ODggMS42MDYgMy41ODggMy41ODh6IiBvcGFjaXR5PSIxIiB2aXNpYmlsaXR5PSJmYWxzZSIgZmlsbD0iI2Q3ZDdkNyI+PC9wYXRoPgo8L3N2Zz4K" alt="Apples McIntosh" skeleton-box-size="9rem" class="product-grid-image object-contain"></div></div> <div class="mobile-product-list-cell_info"><div class="product-tile_detail"><div class="skeleton-loader_wrapper cursor-pointer"><div class="product-grid-cell_price-container product-grid-cell_price-container--mobile"><span class="product-grid-cell_main-price"><!---->
    $0.81
  </span> <!----></div> <!----></div> <!----></div> <div class="mobile-product-list-cell_name-content"><div class="skeleton-loader_wrapper"><div class="product-grid-cell_name"><a id="product-name-118612-16760862936540735" href="#" data-opens-modal="true" aria-haspopup="dialog" class="product-grid-cell_name-text product-grid-cell_name-text--clamp-2"><!---->
    Apples McIntosh
  </a></div> <!----> <!----></div> <div class="skeleton-loader_wrapper"><div class="product-grid-cell_sizes"><span class="product-grid-cell_size">
    1 EA
  </span> <span aria-hidden="true">
    |
  </span> <!----> <span class="product-grid-cell_unit">
    $0.81 / EA
  </span></div> <!----></div> <!----> <!----> <!----> <!----> <!----> <!----> <!----></div> <div class="mobile-product-list-cell_bottom"><div class="mobile-product-list-cell_bottom_cart-ui-wrapper"><!----> <!----> <div class="pdl-add-to-cart"><div class="pdl-add-to-cart_button"><button aria-label="Add to cart" data-product-id="118612" data-price="0.81" class="button button--add-to-cart">
      Add to cart
      <!----></button> <!----> <!----> <!----></div> <!----></div></div> <!----></div></div></div> <div class="product-tile_action-items"><!----> <!----> <div class="shopping-list-menu_container"><div class="relative-el"><button aria-label="add to shopping list" class="button pdl-product-detail_top-icon button--fourth pdl-product-detail_top-icon--borderless"><!----> <div class="vector-icon-size--large"><svg xmlns="http://www.w3.org/2000/svg" aria-label="Shopping List Icon Add" viewBox="0 0 32 32" role="presentation" aria-hidden="true" focusable="false" class="vector-icon-color--dark-grey"><title lang="en">Shopping List Icon Add</title><desc></desc><g fill="" stroke=""><g><path d="M21.94066,15.3368884 L21.94066,12.8931995 C21.94066,12.3409148 22.3883752,11.8931995 22.94066,11.8931995 C23.4929447,11.8931995 23.94066,12.3409148 23.94066,12.8931995 L23.94066,15.3368884 L26.2522624,15.3368884 C26.8045471,15.3368884 27.2522624,15.7846037 27.2522624,16.3368884 C27.2522624,16.8891732 26.8045471,17.3368884 26.2522624,17.3368884 L23.94066,17.3368884 L23.94066,19.8787952 C23.94066,20.43108 23.4929447,20.8787952 22.94066,20.8787952 C22.3883752,20.8787952 21.94066,20.43108 21.94066,19.8787952 L21.94066,17.3368884 L19.2666667,17.3368884 C18.7143819,17.3368884 18.2666667,16.8891732 18.2666667,16.3368884 C18.2666667,15.7846037 18.7143819,15.3368884 19.2666667,15.3368884 L21.94066,15.3368884 Z M8,12 C7.44771525,12 7,11.5522847 7,11 C7,10.4477153 7.44771525,10 8,10 L19.1153581,10 C19.6676429,10 20.1153581,10.4477153 20.1153581,11 C20.1153581,11.5522847 19.6676429,12 19.1153581,12 L8,12 Z M8,17.3368884 C7.44771525,17.3368884 7,16.8891732 7,16.3368884 C7,15.7846037 7.44771525,15.3368884 8,15.3368884 L14.7200696,15.3368884 C15.2723543,15.3368884 15.7200696,15.7846037 15.7200696,16.3368884 C15.7200696,16.8891732 15.2723543,17.3368884 14.7200696,17.3368884 L8,17.3368884 Z M8,23 C7.44771525,23 7,22.5522847 7,22 C7,21.4477153 7.44771525,21 8,21 L19.1153581,21 C19.6676429,21 20.1153581,21.4477153 20.1153581,22 C20.1153581,22.5522847 19.6676429,23 19.1153581,23 L8,23 Z" fill="#000000" fill-rule="nonzero"></path></g></g></svg></div> <div class="pdl-product-detail_list-tooltip"><p>Add item to shopping list</p> <em></em></div></button></div></div></div> <!----></li> <!----><!----> <!----> <!----> <!----> <li tabindex="-1" data-product-id="118622" class="slot mobile-product-list-cell"><!----> <!----> <!----> <!----> <div class="mobile-product-list-cell_content"><div><!----> <div class="flag_outer-container"><div class=""><svg xmlns="http://www.w3.org/2000/svg" aria-label="Sale" viewBox="0 0 32 32" role="presentation" aria-hidden="true" focusable="false" class="w-20 ml-3"><title lang="en">Sale</title><desc></desc><g fill="" stroke=""><g><path d="M16.56 19.87a3.81 3.81 0 0 1-1-.13l-13.39-3.5a1.5 1.5 0 0 1-1.12-1.34l-.81-11a1.52 1.52 0 0 1 1.39-1.61l27.69-2h.11a1.51 1.51 0 0 1 1.5 1.4l.82 11a1.52 1.52 0 0 1-.91 1.5l-12.72 5.36a3.79 3.79 0 0 1-1.56.32Z" fill="#ed1256"></path><path fill="#fff" d="M29.43.48a1.26 1.26 0 0 1 1.26 1.17l.82 11a1.27 1.27 0 0 1-.76 1.26L18 19.34a3.72 3.72 0 0 1-1.47.3 3.79 3.79 0 0 1-.94-.12L2.24 16a1.27 1.27 0 0 1-1-1.13l-.81-11a1.26 1.26 0 0 1 1.22-1.33L29.34.48h.09m0-.48h-.13L1.62 2A1.76 1.76 0 0 0 0 3.92l.82 11a1.73 1.73 0 0 0 1.3 1.55L15.5 20a4.3 4.3 0 0 0 1.07.14 4.24 4.24 0 0 0 1.65-.34l12.72-5.44A1.76 1.76 0 0 0 32 12.59l-.82-11A1.76 1.76 0 0 0 29.43 0Z"></path><path fill="#fff" d="M3.74 9.87a3 3 0 0 0 .82.55 2.21 2.21 0 0 0 1.08.19 1.6 1.6 0 0 0 .29 0 1 1 0 0 0 .26-.12.58.58 0 0 0 .18-.2.62.62 0 0 0 0-.31.59.59 0 0 0-.32-.49 3.38 3.38 0 0 0-.85-.34L4.84 9a4.19 4.19 0 0 1-.69-.26 2.44 2.44 0 0 1-.63-.41 1.92 1.92 0 0 1-.7-1.42 2.68 2.68 0 0 1 .1-1A2.2 2.2 0 0 1 3.39 5a2.42 2.42 0 0 1 .82-.6 3.15 3.15 0 0 1 1.17-.28 3.68 3.68 0 0 1 1.72.24 3 3 0 0 1 .57.29A2.66 2.66 0 0 1 8 5l-.82 1.37a4.42 4.42 0 0 0-.82-.45 2 2 0 0 0-.85-.13 1.4 1.4 0 0 0-.28.06A.9.9 0 0 0 5 6a.62.62 0 0 0-.16.2.5.5 0 0 0 0 .28.6.6 0 0 0 .1.31.68.68 0 0 0 .24.2 1.27 1.27 0 0 0 .35.15l.43.13.35.09a7.49 7.49 0 0 1 .69.22 2.2 2.2 0 0 1 .72.42 2.46 2.46 0 0 1 .54.68 2.31 2.31 0 0 1 .27 1 2.15 2.15 0 0 1-.15 1 2.53 2.53 0 0 1-.56.84 2.77 2.77 0 0 1-.88.59 4 4 0 0 1-1.11.27A4.67 4.67 0 0 1 4 12.25a3.79 3.79 0 0 1-1.28-.75ZM11.29 3.89l2.17-.16 3.1 7.7-2 .15L14 10l-2.39.18-.35 1.67-2 .14Zm2.15 4.6-1-2.84-.61 2.95ZM17 3.47l1.89-.14.44 6 3.3-.25.16 1.92-5.19.39ZM23.36 3l5.13-.38.13 1.8-3.24.24.09 1.22 2.66-.2.12 1.7-2.65.2.09 1.35 3.46-.26.13 1.81-5.34.4Z"></path></g></g></svg></div> <!----> <!----> <!----></div></div> <div class="mobile-product-list-cell_left"><div><!----> <img src="data:image/svg+xml;base64,PD94bWwgdmVyc2lvbj0iMS4wIiBlbmNvZGluZz0idXRmLTgiPz4KPCEtLSBHZW5lcmF0ZWQgYnkgSWNvTW9vbi5pbyAtLT4KPCFET0NUWVBFIHN2ZyBQVUJMSUMgIi0vL1czQy8vRFREIFNWRyAxLjEvL0VOIiAiaHR0cDovL3d3dy53My5vcmcvR3JhcGhpY3MvU1ZHLzEuMS9EVEQvc3ZnMTEuZHRkIj4KPHN2ZyB2ZXJzaW9uPSIxLjEiIHhtbG5zPSJodHRwOi8vd3d3LnczLm9yZy8yMDAwL3N2ZyIgeG1sbnM6eGxpbms9Imh0dHA6Ly93d3cudzMub3JnLzE5OTkveGxpbmsiIHdpZHRoPSI0OCIgaGVpZ2h0PSI0OCIgdmlld0JveD0iMCAwIDQ4IDQ4Ij4KPGcgaWQ9Imljb21vb24taWdub3JlIj4KCTxsaW5lIHN0cm9rZS13aWR0aD0iMSIgeDE9IiIgeTE9IiIgeDI9IiIgeTI9IiIgc3Ryb2tlPSIjNDQ5RkRCIiBvcGFjaXR5PSIiPjwvbGluZT4KPC9nPgoJPHBhdGggZD0iTTM4LjQ4IDkuMDcwYzAuMjQ4IDAgMC40NSAwLjIwMiAwLjQ1IDAuNDV2MjguOTU5YzAgMC4yNDgtMC4yMDIgMC40NS0wLjQ1IDAuNDVoLTI4Ljk1OWMtMC4yNDggMC0wLjQ1LTAuMjAyLTAuNDUtMC40NXYtMjguOTU5YzAtMC4yNDggMC4yMDItMC40NSAwLjQ1LTAuNDVoMjguOTU5ek0zOC40OCA4aC0yOC45NTljLTAuODQgMC0xLjUyIDAuNjgxLTEuNTIgMS41MjF2MjguOTU5YzAgMC44NCAwLjY4MSAxLjUyMSAxLjUyIDEuNTIxaDI4Ljk1OWMwLjg0IDAgMS41Mi0wLjY4MSAxLjUyLTEuNTIxdi0yOC45NTljMC0wLjg0LTAuNjgxLTEuNTIxLTEuNTItMS41MjF2MHoiIG9wYWNpdHk9IjEiIHZpc2liaWxpdHk9ImZhbHNlIiBmaWxsPSIjZDdkN2Q3Ij48L3BhdGg+Cgk8cGF0aCBkPSJNMTIuMjI4IDM1LjIyNHYtMy4zMjljMC0wLjE0NSAwLjA1OC0wLjI4NSAwLjE2LTAuMzg4bDUuNTg3LTUuNTg3YzAuMjE0LTAuMjE0IDAuNTYxLTAuMjE0IDAuNzc1IDBsMi4xMTkgMi4xMTljMC4yMTQgMC4yMTQgMC41NjEgMC4yMTQgMC43NzUgMGw4LjE5MS04LjE5MmMwLjIxNC0wLjIxNCAwLjU2MS0wLjIxNCAwLjc3NSAwbDUgNWMwLjEwMyAwLjEwMyAwLjE2IDAuMjQyIDAuMTYgMC4zODh2OS45ODhjMCAwLjMwMy0wLjI0NSAwLjU0OC0wLjU0OCAwLjU0OGgtMjIuNDQ3Yy0wLjMwMyAwLTAuNTQ4LTAuMjQ1LTAuNTQ4LTAuNTQ4eiIgb3BhY2l0eT0iMSIgdmlzaWJpbGl0eT0iZmFsc2UiIGZpbGw9IiNkN2Q3ZDciPjwvcGF0aD4KCTxwYXRoIGQ9Ik0yMS41NDQgMTcuOTY3YzAgMS45ODItMS42MDYgMy41ODgtMy41ODggMy41ODhzLTMuNTg4LTEuNjA2LTMuNTg4LTMuNTg4YzAtMS45ODEgMS42MDYtMy41ODggMy41ODgtMy41ODhzMy41ODggMS42MDYgMy41ODggMy41ODh6IiBvcGFjaXR5PSIxIiB2aXNpYmlsaXR5PSJmYWxzZSIgZmlsbD0iI2Q3ZDdkNyI+PC9wYXRoPgo8L3N2Zz4K" alt="Onions Red" skeleton-box-size="9rem" class="product-grid-image object-contain"></div></div> <div class="mobile-product-list-cell_info"><div class="product-tile_detail"><div class="skeleton-loader_wrapper cursor-pointer"><div class="product-grid-cell_price-container product-grid-cell_price-container_column product-grid-cell_price-container--mobile"><span class="product-grid-cell_main-price product-grid-cell_main-price--on-sale"><span class="sr-only">
      Sale Price
    </span>
    $0.68
  </span> <div class="product-grid-cell_was-container"><span class="product-grid-cell_regular-price product-grid-cell_regular-price--small"><span class="sr-only">
        Original Price
      </span>
      $1.16
    </span></div></div> <!----></div> <!----></div> <div class="mobile-product-list-cell_name-content"><div class="skeleton-loader_wrapper"><div class="product-grid-cell_name"><a id="product-name-118622-16760862929230016" href="#" data-opens-modal="true" aria-haspopup="dialog" class="product-grid-cell_name-text product-grid-cell_name-text--clamp-2"><!---->
    Onions Red
  </a></div> <!----> <!----></div> <div class="skeleton-loader_wrapper"><div class="product-grid-cell_sizes"><span class="product-grid-cell_size">
    1 EA
  </span> <span aria-hidden="true">
    |
  </span> <!----> <span class="product-grid-cell_unit">
    $0.68 / EA
  </span></div> <!----></div> <!----> <!----> <!----> <!----> <!----> <!----> <!----></div> <div class="mobile-product-list-cell_bottom"><div class="mobile-product-list-cell_bottom_cart-ui-wrapper"><!----> <!----> <div class="pdl-add-to-cart"><div class="pdl-add-to-cart_button"><button aria-label="Add to cart" data-product-id="118622" data-price="0.68" class="button button--add-to-cart add-sale">
      Add to cart
      <!----></button> <!----> <!----> <!----></div> <!----></div></div> <!----></div></div></div> <div class="product-tile_action-items"><!----> <!----> <div class="shopping-list-menu_container"><div class="relative-el"><button aria-label="add to shopping list" class="button pdl-product-detail_top-icon button--fourth pdl-product-detail_top-icon--borderless"><!----> <div class="vector-icon-size--large"><svg xmlns="http://www.w3.org/2000/svg" aria-label="Shopping List Icon Add" viewBox="0 0 32 32" role="presentation" aria-hidden="true" focusable="false" class="vector-icon-color--dark-grey"><title lang="en">Shopping List Icon Add</title><desc></desc><g fill="" stroke=""><g><path d="M21.94066,15.3368884 L21.94066,12.8931995 C21.94066,12.3409148 22.3883752,11.8931995 22.94066,11.8931995 C23.4929447,11.8931995 23.94066,12.3409148 23.94066,12.8931995 L23.94066,15.3368884 L26.2522624,15.3368884 C26.8045471,15.3368884 27.2522624,15.7846037 27.2522624,16.3368884 C27.2522624,16.8891732 26.8045471,17.3368884 26.2522624,17.3368884 L23.94066,17.3368884 L23.94066,19.8787952 C23.94066,20.43108 23.4929447,20.8787952 22.94066,20.8787952 C22.3883752,20.8787952 21.94066,20.43108 21.94066,19.8787952 L21.94066,17.3368884 L19.2666667,17.3368884 C18.7143819,17.3368884 18.2666667,16.8891732 18.2666667,16.3368884 C18.2666667,15.7846037 18.7143819,15.3368884 19.2666667,15.3368884 L21.94066,15.3368884 Z M8,12 C7.44771525,12 7,11.5522847 7,11 C7,10.4477153 7.44771525,10 8,10 L19.1153581,10 C19.6676429,10 20.1153581,10.4477153 20.1153581,11 C20.1153581,11.5522847 19.6676429,12 19.1153581,12 L8,12 Z M8,17.3368884 C7.44771525,17.3368884 7,16.8891732 7,16.3368884 C7,15.7846037 7.44771525,15.3368884 8,15.3368884 L14.7200696,15.3368884 C15.2723543,15.3368884 15.7200696,15.7846037 15.7200696,16.3368884 C15.7200696,16.8891732 15.2723543,17.3368884 14.7200696,17.3368884 L8,17.3368884 Z M8,23 C7.44771525,23 7,22.5522847 7,22 C7,21.4477153 7.44771525,21 8,21 L19.1153581,21 C19.6676429,21 20.1153581,21.4477153 20.1153581,22 C20.1153581,22.5522847 19.6676429,23 19.1153581,23 L8,23 Z" fill="#000000" fill-rule="nonzero"></path></g></g></svg></div> <div class="pdl-product-detail_list-tooltip"><p>Add item to shopping list</p> <em></em></div></button></div></div></div> <!----></li> <!----><!----> <!----> <!----> <!----> <li tabindex="-1" data-product-id="199577" class="slot mobile-product-list-cell"><!----> <!----> <!----> <!----> <div class="mobile-product-list-cell_content"><div><!----> <div class="flag_outer-container"><div class=""><svg xmlns="http://www.w3.org/2000/svg" aria-label="Sale" viewBox="0 0 32 32" role="presentation" aria-hidden="true" focusable="false" class="w-20 ml-3"><title lang="en">Sale</title><desc></desc><g fill="" stroke=""><g><path d="M16.56 19.87a3.81 3.81 0 0 1-1-.13l-13.39-3.5a1.5 1.5 0 0 1-1.12-1.34l-.81-11a1.52 1.52 0 0 1 1.39-1.61l27.69-2h.11a1.51 1.51 0 0 1 1.5 1.4l.82 11a1.52 1.52 0 0 1-.91 1.5l-12.72 5.36a3.79 3.79 0 0 1-1.56.32Z" fill="#ed1256"></path><path fill="#fff" d="M29.43.48a1.26 1.26 0 0 1 1.26 1.17l.82 11a1.27 1.27 0 0 1-.76 1.26L18 19.34a3.72 3.72 0 0 1-1.47.3 3.79 3.79 0 0 1-.94-.12L2.24 16a1.27 1.27 0 0 1-1-1.13l-.81-11a1.26 1.26 0 0 1 1.22-1.33L29.34.48h.09m0-.48h-.13L1.62 2A1.76 1.76 0 0 0 0 3.92l.82 11a1.73 1.73 0 0 0 1.3 1.55L15.5 20a4.3 4.3 0 0 0 1.07.14 4.24 4.24 0 0 0 1.65-.34l12.72-5.44A1.76 1.76 0 0 0 32 12.59l-.82-11A1.76 1.76 0 0 0 29.43 0Z"></path><path fill="#fff" d="M3.74 9.87a3 3 0 0 0 .82.55 2.21 2.21 0 0 0 1.08.19 1.6 1.6 0 0 0 .29 0 1 1 0 0 0 .26-.12.58.58 0 0 0 .18-.2.62.62 0 0 0 0-.31.59.59 0 0 0-.32-.49 3.38 3.38 0 0 0-.85-.34L4.84 9a4.19 4.19 0 0 1-.69-.26 2.44 2.44 0 0 1-.63-.41 1.92 1.92 0 0 1-.7-1.42 2.68 2.68 0 0 1 .1-1A2.2 2.2 0 0 1 3.39 5a2.42 2.42 0 0 1 .82-.6 3.15 3.15 0 0 1 1.17-.28 3.68 3.68 0 0 1 1.72.24 3 3 0 0 1 .57.29A2.66 2.66 0 0 1 8 5l-.82 1.37a4.42 4.42 0 0 0-.82-.45 2 2 0 0 0-.85-.13 1.4 1.4 0 0 0-.28.06A.9.9 0 0 0 5 6a.62.62 0 0 0-.16.2.5.5 0 0 0 0 .28.6.6 0 0 0 .1.31.68.68 0 0 0 .24.2 1.27 1.27 0 0 0 .35.15l.43.13.35.09a7.49 7.49 0 0 1 .69.22 2.2 2.2 0 0 1 .72.42 2.46 2.46 0 0 1 .54.68 2.31 2.31 0 0 1 .27 1 2.15 2.15 0 0 1-.15 1 2.53 2.53 0 0 1-.56.84 2.77 2.77 0 0 1-.88.59 4 4 0 0 1-1.11.27A4.67 4.67 0 0 1 4 12.25a3.79 3.79 0 0 1-1.28-.75ZM11.29 3.89l2.17-.16 3.1 7.7-2 .15L14 10l-2.39.18-.35 1.67-2 .14Zm2.15 4.6-1-2.84-.61 2.95ZM17 3.47l1.89-.14.44 6 3.3-.25.16 1.92-5.19.39ZM23.36 3l5.13-.38.13 1.8-3.24.24.09 1.22 2.66-.2.12 1.7-2.65.2.09 1.35 3.46-.26.13 1.81-5.34.4Z"></path></g></g></svg></div> <!----> <!----> <!----></div></div> <div class="mobile-product-list-cell_left"><div><!----> <img src="data:image/svg+xml;base64,PD94bWwgdmVyc2lvbj0iMS4wIiBlbmNvZGluZz0idXRmLTgiPz4KPCEtLSBHZW5lcmF0ZWQgYnkgSWNvTW9vbi5pbyAtLT4KPCFET0NUWVBFIHN2ZyBQVUJMSUMgIi0vL1czQy8vRFREIFNWRyAxLjEvL0VOIiAiaHR0cDovL3d3dy53My5vcmcvR3JhcGhpY3MvU1ZHLzEuMS9EVEQvc3ZnMTEuZHRkIj4KPHN2ZyB2ZXJzaW9uPSIxLjEiIHhtbG5zPSJodHRwOi8vd3d3LnczLm9yZy8yMDAwL3N2ZyIgeG1sbnM6eGxpbms9Imh0dHA6Ly93d3cudzMub3JnLzE5OTkveGxpbmsiIHdpZHRoPSI0OCIgaGVpZ2h0PSI0OCIgdmlld0JveD0iMCAwIDQ4IDQ4Ij4KPGcgaWQ9Imljb21vb24taWdub3JlIj4KCTxsaW5lIHN0cm9rZS13aWR0aD0iMSIgeDE9IiIgeTE9IiIgeDI9IiIgeTI9IiIgc3Ryb2tlPSIjNDQ5RkRCIiBvcGFjaXR5PSIiPjwvbGluZT4KPC9nPgoJPHBhdGggZD0iTTM4LjQ4IDkuMDcwYzAuMjQ4IDAgMC40NSAwLjIwMiAwLjQ1IDAuNDV2MjguOTU5YzAgMC4yNDgtMC4yMDIgMC40NS0wLjQ1IDAuNDVoLTI4Ljk1OWMtMC4yNDggMC0wLjQ1LTAuMjAyLTAuNDUtMC40NXYtMjguOTU5YzAtMC4yNDggMC4yMDItMC40NSAwLjQ1LTAuNDVoMjguOTU5ek0zOC40OCA4aC0yOC45NTljLTAuODQgMC0xLjUyIDAuNjgxLTEuNTIgMS41MjF2MjguOTU5YzAgMC44NCAwLjY4MSAxLjUyMSAxLjUyIDEuNTIxaDI4Ljk1OWMwLjg0IDAgMS41Mi0wLjY4MSAxLjUyLTEuNTIxdi0yOC45NTljMC0wLjg0LTAuNjgxLTEuNTIxLTEuNTItMS41MjF2MHoiIG9wYWNpdHk9IjEiIHZpc2liaWxpdHk9ImZhbHNlIiBmaWxsPSIjZDdkN2Q3Ij48L3BhdGg+Cgk8cGF0aCBkPSJNMTIuMjI4IDM1LjIyNHYtMy4zMjljMC0wLjE0NSAwLjA1OC0wLjI4NSAwLjE2LTAuMzg4bDUuNTg3LTUuNTg3YzAuMjE0LTAuMjE0IDAuNTYxLTAuMjE0IDAuNzc1IDBsMi4xMTkgMi4xMTljMC4yMTQgMC4yMTQgMC41NjEgMC4yMTQgMC43NzUgMGw4LjE5MS04LjE5MmMwLjIxNC0wLjIxNCAwLjU2MS0wLjIxNCAwLjc3NSAwbDUgNWMwLjEwMyAwLjEwMyAwLjE2IDAuMjQyIDAuMTYgMC4zODh2OS45ODhjMCAwLjMwMy0wLjI0NSAwLjU0OC0wLjU0OCAwLjU0OGgtMjIuNDQ3Yy0wLjMwMyAwLTAuNTQ4LTAuMjQ1LTAuNTQ4LTAuNTQ4eiIgb3BhY2l0eT0iMSIgdmlzaWJpbGl0eT0iZmFsc2UiIGZpbGw9IiNkN2Q3ZDciPjwvcGF0aD4KCTxwYXRoIGQ9Ik0yMS41NDQgMTcuOTY3YzAgMS45ODItMS42MDYgMy41ODgtMy41ODggMy41ODhzLTMuNTg4LTEuNjA2LTMuNTg4LTMuNTg4YzAtMS45ODEgMS42MDYtMy41ODggMy41ODgtMy41ODhzMy41ODggMS42MDYgMy41ODggMy41ODh6IiBvcGFjaXR5PSIxIiB2aXNpYmlsaXR5PSJmYWxzZSIgZmlsbD0iI2Q3ZDdkNyI+PC9wYXRoPgo8L3N2Zz4K" alt="Clementines (Mandarins)" skeleton-box-size="9rem" class="product-grid-image object-contain"></div></div> <div class="mobile-product-list-cell_info"><div class="product-tile_detail"><div class="skeleton-loader_wrapper cursor-pointer"><div class="product-grid-cell_price-container product-grid-cell_price-container_column product-grid-cell_price-container--mobile"><span class="product-grid-cell_main-price product-grid-cell_main-price--on-sale"><span class="sr-only">
      Sale Price
    </span>
    $5.00
  </span> <div class="product-grid-cell_was-container"><span class="product-grid-cell_regular-price product-grid-cell_regular-price--small"><span class="sr-only">
        Original Price
      </span>
      $5.99
    </span></div></div> <!----></div> <!----></div> <div class="mobile-product-list-cell_name-content"><div class="skeleton-loader_wrapper"><div class="product-grid-cell_name"><a id="product-name-199577-16760862542540763" href="#" data-opens-modal="true" aria-haspopup="dialog" class="product-grid-cell_name-text product-grid-cell_name-text--clamp-2"><!---->
    Clementines (Mandarins)
  </a></div> <!----> <!----></div> <div class="skeleton-loader_wrapper"><div class="product-grid-cell_sizes"><span class="product-grid-cell_size">
    3 LB BAG
  </span> <span aria-hidden="true">
    |
  </span> <!----> <span class="product-grid-cell_unit">
    $0.10 / OZ
  </span></div> <!----></div> <!----> <!----> <!----> <!----> <!----> <!----> <!----></div> <div class="mobile-product-list-cell_bottom"><div class="mobile-product-list-cell_bottom_cart-ui-wrapper"><!----> <!----> <div class="pdl-add-to-cart"><div class="pdl-add-to-cart_button"><button aria-label="Add to cart" data-product-id="199577" data-price="5" class="button button--add-to-cart add-sale">
      Add to cart
      <!----></button> <!----> <!----> <!----></div> <!----></div></div> <!----></div></div></div> <div class="product-tile_action-items"><!----> <!----> <div class="shopping-list-menu_container"><div class="relative-el"><button aria-label="add to shopping list" class="button pdl-product-detail_top-icon button--fourth pdl-product-detail_top-icon--borderless"><!----> <div class="vector-icon-size--large"><svg xmlns="http://www.w3.org/2000/svg" aria-label="Shopping List Icon Add" viewBox="0 0 32 32" role="presentation" aria-hidden="true" focusable="false" class="vector-icon-color--dark-grey"><title lang="en">Shopping List Icon Add</title><desc></desc><g fill="" stroke=""><g><path d="M21.94066,15.3368884 L21.94066,12.8931995 C21.94066,12.3409148 22.3883752,11.8931995 22.94066,11.8931995 C23.4929447,11.8931995 23.94066,12.3409148 23.94066,12.8931995 L23.94066,15.3368884 L26.2522624,15.3368884 C26.8045471,15.3368884 27.2522624,15.7846037 27.2522624,16.3368884 C27.2522624,16.8891732 26.8045471,17.3368884 26.2522624,17.3368884 L23.94066,17.3368884 L23.94066,19.8787952 C23.94066,20.43108 23.4929447,20.8787952 22.94066,20.8787952 C22.3883752,20.8787952 21.94066,20.43108 21.94066,19.8787952 L21.94066,17.3368884 L19.2666667,17.3368884 C18.7143819,17.3368884 18.2666667,16.8891732 18.2666667,16.3368884 C18.2666667,15.7846037 18.7143819,15.3368884 19.2666667,15.3368884 L21.94066,15.3368884 Z M8,12 C7.44771525,12 7,11.5522847 7,11 C7,10.4477153 7.44771525,10 8,10 L19.1153581,10 C19.6676429,10 20.1153581,10.4477153 20.1153581,11 C20.1153581,11.5522847 19.6676429,12 19.1153581,12 L8,12 Z M8,17.3368884 C7.44771525,17.3368884 7,16.8891732 7,16.3368884 C7,15.7846037 7.44771525,15.3368884 8,15.3368884 L14.7200696,15.3368884 C15.2723543,15.3368884 15.7200696,15.7846037 15.7200696,16.3368884 C15.7200696,16.8891732 15.2723543,17.3368884 14.7200696,17.3368884 L8,17.3368884 Z M8,23 C7.44771525,23 7,22.5522847 7,22 C7,21.4477153 7.44771525,21 8,21 L19.1153581,21 C19.6676429,21 20.1153581,21.4477153 20.1153581,22 C20.1153581,22.5522847 19.6676429,23 19.1153581,23 L8,23 Z" fill="#000000" fill-rule="nonzero"></path></g></g></svg></div> <div class="pdl-product-detail_list-tooltip"><p>Add item to shopping list</p> <em></em></div></button></div></div></div> <!----></li> <!----><!----> <!----> <!----> <!----> <li tabindex="-1" data-product-id="118611" class="slot mobile-product-list-cell"><!----> <!----> <!----> <!----> <div class="mobile-product-list-cell_content"><div><!----> <div class="flag_outer-container"><!----> <!----> <!----> <!----></div></div> <div class="mobile-product-list-cell_left"><div><!----> <img src="data:image/svg+xml;base64,PD94bWwgdmVyc2lvbj0iMS4wIiBlbmNvZGluZz0idXRmLTgiPz4KPCEtLSBHZW5lcmF0ZWQgYnkgSWNvTW9vbi5pbyAtLT4KPCFET0NUWVBFIHN2ZyBQVUJMSUMgIi0vL1czQy8vRFREIFNWRyAxLjEvL0VOIiAiaHR0cDovL3d3dy53My5vcmcvR3JhcGhpY3MvU1ZHLzEuMS9EVEQvc3ZnMTEuZHRkIj4KPHN2ZyB2ZXJzaW9uPSIxLjEiIHhtbG5zPSJodHRwOi8vd3d3LnczLm9yZy8yMDAwL3N2ZyIgeG1sbnM6eGxpbms9Imh0dHA6Ly93d3cudzMub3JnLzE5OTkveGxpbmsiIHdpZHRoPSI0OCIgaGVpZ2h0PSI0OCIgdmlld0JveD0iMCAwIDQ4IDQ4Ij4KPGcgaWQ9Imljb21vb24taWdub3JlIj4KCTxsaW5lIHN0cm9rZS13aWR0aD0iMSIgeDE9IiIgeTE9IiIgeDI9IiIgeTI9IiIgc3Ryb2tlPSIjNDQ5RkRCIiBvcGFjaXR5PSIiPjwvbGluZT4KPC9nPgoJPHBhdGggZD0iTTM4LjQ4IDkuMDcwYzAuMjQ4IDAgMC40NSAwLjIwMiAwLjQ1IDAuNDV2MjguOTU5YzAgMC4yNDgtMC4yMDIgMC40NS0wLjQ1IDAuNDVoLTI4Ljk1OWMtMC4yNDggMC0wLjQ1LTAuMjAyLTAuNDUtMC40NXYtMjguOTU5YzAtMC4yNDggMC4yMDItMC40NSAwLjQ1LTAuNDVoMjguOTU5ek0zOC40OCA4aC0yOC45NTljLTAuODQgMC0xLjUyIDAuNjgxLTEuNTIgMS41MjF2MjguOTU5YzAgMC44NCAwLjY4MSAxLjUyMSAxLjUyIDEuNTIxaDI4Ljk1OWMwLjg0IDAgMS41Mi0wLjY4MSAxLjUyLTEuNTIxdi0yOC45NTljMC0wLjg0LTAuNjgxLTEuNTIxLTEuNTItMS41MjF2MHoiIG9wYWNpdHk9IjEiIHZpc2liaWxpdHk9ImZhbHNlIiBmaWxsPSIjZDdkN2Q3Ij48L3BhdGg+Cgk8cGF0aCBkPSJNMTIuMjI4IDM1LjIyNHYtMy4zMjljMC0wLjE0NSAwLjA1OC0wLjI4NSAwLjE2LTAuMzg4bDUuNTg3LTUuNTg3YzAuMjE0LTAuMjE0IDAuNTYxLTAuMjE0IDAuNzc1IDBsMi4xMTkgMi4xMTljMC4yMTQgMC4yMTQgMC41NjEgMC4yMTQgMC43NzUgMGw4LjE5MS04LjE5MmMwLjIxNC0wLjIxNCAwLjU2MS0wLjIxNCAwLjc3NSAwbDUgNWMwLjEwMyAwLjEwMyAwLjE2IDAuMjQyIDAuMTYgMC4zODh2OS45ODhjMCAwLjMwMy0wLjI0NSAwLjU0OC0wLjU0OCAwLjU0OGgtMjIuNDQ3Yy0wLjMwMyAwLTAuNTQ4LTAuMjQ1LTAuNTQ4LTAuNTQ4eiIgb3BhY2l0eT0iMSIgdmlzaWJpbGl0eT0iZmFsc2UiIGZpbGw9IiNkN2Q3ZDciPjwvcGF0aD4KCTxwYXRoIGQ9Ik0yMS41NDQgMTcuOTY3YzAgMS45ODItMS42MDYgMy41ODgtMy41ODggMy41ODhzLTMuNTg4LTEuNjA2LTMuNTg4LTMuNTg4YzAtMS45ODEgMS42MDYtMy41ODggMy41ODgtMy41ODhzMy41ODggMS42MDYgMy41ODggMy41ODh6IiBvcGFjaXR5PSIxIiB2aXNpYmlsaXR5PSJmYWxzZSIgZmlsbD0iI2Q3ZDdkNyI+PC9wYXRoPgo8L3N2Zz4K" alt="Mangos" skeleton-box-size="9rem" class="product-grid-image object-contain"></div></div> <div class="mobile-product-list-cell_info"><div class="product-tile_detail"><div class="skeleton-loader_wrapper cursor-pointer"><div class="product-grid-cell_price-container product-grid-cell_price-container--mobile"><span class="product-grid-cell_main-price"><!---->
    $1.00
  </span> <!----></div> <!----></div> <!----></div> <div class="mobile-product-list-cell_name-content"><div class="skeleton-loader_wrapper"><div class="product-grid-cell_name"><a id="product-name-118611-16760862337511918" href="#" data-opens-modal="true" aria-haspopup="dialog" class="product-grid-cell_name-text product-grid-cell_name-text--clamp-2"><!---->
    Mangos
  </a></div> <!----> <!----></div> <div class="skeleton-loader_wrapper"><div class="product-grid-cell_sizes"><span class="product-grid-cell_size">
    1 EA
  </span> <span aria-hidden="true">
    |
  </span> <!----> <span class="product-grid-cell_unit">
    $1.00 / EA
  </span></div> <!----></div> <!----> <!----> <!----> <!----> <!----> <!----> <!----></div> <div class="mobile-product-list-cell_bottom"><div class="mobile-product-list-cell_bottom_cart-ui-wrapper"><div class="pdl-add-to-cart"><button class="button button--disabled out-of-stock_text">
    Out of Stock
  </button> <!----></div> <!----> <!----></div> <!----></div></div></div> <div class="product-tile_action-items"><!----> <!----> <div class="shopping-list-menu_container"><div class="relative-el"><button aria-label="add to shopping list" class="button pdl-product-detail_top-icon button--fourth pdl-product-detail_top-icon--borderless"><!----> <div class="vector-icon-size--large"><svg xmlns="http://www.w3.org/2000/svg" aria-label="Shopping List Icon Add" viewBox="0 0 32 32" role="presentation" aria-hidden="true" focusable="false" class="vector-icon-color--dark-grey"><title lang="en">Shopping List Icon Add</title><desc></desc><g fill="" stroke=""><g><path d="M21.94066,15.3368884 L21.94066,12.8931995 C21.94066,12.3409148 22.3883752,11.8931995 22.94066,11.8931995 C23.4929447,11.8931995 23.94066,12.3409148 23.94066,12.8931995 L23.94066,15.3368884 L26.2522624,15.3368884 C26.8045471,15.3368884 27.2522624,15.7846037 27.2522624,16.3368884 C27.2522624,16.8891732 26.8045471,17.3368884 26.2522624,17.3368884 L23.94066,17.3368884 L23.94066,19.8787952 C23.94066,20.43108 23.4929447,20.8787952 22.94066,20.8787952 C22.3883752,20.8787952 21.94066,20.43108 21.94066,19.8787952 L21.94066,17.3368884 L19.2666667,17.3368884 C18.7143819,17.3368884 18.2666667,16.8891732 18.2666667,16.3368884 C18.2666667,15.7846037 18.7143819,15.3368884 19.2666667,15.3368884 L21.94066,15.3368884 Z M8,12 C7.44771525,12 7,11.5522847 7,11 C7,10.4477153 7.44771525,10 8,10 L19.1153581,10 C19.6676429,10 20.1153581,10.4477153 20.1153581,11 C20.1153581,11.5522847 19.6676429,12 19.1153581,12 L8,12 Z M8,17.3368884 C7.44771525,17.3368884 7,16.8891732 7,16.3368884 C7,15.7846037 7.44771525,15.3368884 8,15.3368884 L14.7200696,15.3368884 C15.2723543,15.3368884 15.7200696,15.7846037 15.7200696,16.3368884 C15.7200696,16.8891732 15.2723543,17.3368884 14.7200696,17.3368884 L8,17.3368884 Z M8,23 C7.44771525,23 7,22.5522847 7,22 C7,21.4477153 7.44771525,21 8,21 L19.1153581,21 C19.6676429,21 20.1153581,21.4477153 20.1153581,22 C20.1153581,22.5522847 19.6676429,23 19.1153581,23 L8,23 Z" fill="#000000" fill-rule="nonzero"></path></g></g></svg></div> <div class="pdl-product-detail_list-tooltip"><p>Add item to shopping list</p> <em></em></div></button></div></div></div> <!----></li> <!----><!----> <!----> <!----> <!----> <li tabindex="-1" data-product-id="6767" class="slot mobile-product-list-cell"><!----> <!----> <!----> <!----> <div class="mobile-product-list-cell_content"><div><!----> <div class="flag_outer-container"><!----> <!----> <!----> <!----></div></div> <div class="mobile-product-list-cell_left"><div><!----> <img src="data:image/svg+xml;base64,PD94bWwgdmVyc2lvbj0iMS4wIiBlbmNvZGluZz0idXRmLTgiPz4KPCEtLSBHZW5lcmF0ZWQgYnkgSWNvTW9vbi5pbyAtLT4KPCFET0NUWVBFIHN2ZyBQVUJMSUMgIi0vL1czQy8vRFREIFNWRyAxLjEvL0VOIiAiaHR0cDovL3d3dy53My5vcmcvR3JhcGhpY3MvU1ZHLzEuMS9EVEQvc3ZnMTEuZHRkIj4KPHN2ZyB2ZXJzaW9uPSIxLjEiIHhtbG5zPSJodHRwOi8vd3d3LnczLm9yZy8yMDAwL3N2ZyIgeG1sbnM6eGxpbms9Imh0dHA6Ly93d3cudzMub3JnLzE5OTkveGxpbmsiIHdpZHRoPSI0OCIgaGVpZ2h0PSI0OCIgdmlld0JveD0iMCAwIDQ4IDQ4Ij4KPGcgaWQ9Imljb21vb24taWdub3JlIj4KCTxsaW5lIHN0cm9rZS13aWR0aD0iMSIgeDE9IiIgeTE9IiIgeDI9IiIgeTI9IiIgc3Ryb2tlPSIjNDQ5RkRCIiBvcGFjaXR5PSIiPjwvbGluZT4KPC9nPgoJPHBhdGggZD0iTTM4LjQ4IDkuMDcwYzAuMjQ4IDAgMC40NSAwLjIwMiAwLjQ1IDAuNDV2MjguOTU5YzAgMC4yNDgtMC4yMDIgMC40NS0wLjQ1IDAuNDVoLTI4Ljk1OWMtMC4yNDggMC0wLjQ1LTAuMjAyLTAuNDUtMC40NXYtMjguOTU5YzAtMC4yNDggMC4yMDItMC40NSAwLjQ1LTAuNDVoMjguOTU5ek0zOC40OCA4aC0yOC45NTljLTAuODQgMC0xLjUyIDAuNjgxLTEuNTIgMS41MjF2MjguOTU5YzAgMC44NCAwLjY4MSAxLjUyMSAxLjUyIDEuNTIxaDI4Ljk1OWMwLjg0IDAgMS41Mi0wLjY4MSAxLjUyLTEuNTIxdi0yOC45NTljMC0wLjg0LTAuNjgxLTEuNTIxLTEuNTItMS41MjF2MHoiIG9wYWNpdHk9IjEiIHZpc2liaWxpdHk9ImZhbHNlIiBmaWxsPSIjZDdkN2Q3Ij48L3BhdGg+Cgk8cGF0aCBkPSJNMTIuMjI4IDM1LjIyNHYtMy4zMjljMC0wLjE0NSAwLjA1OC0wLjI4NSAwLjE2LTAuMzg4bDUuNTg3LTUuNTg3YzAuMjE0LTAuMjE0IDAuNTYxLTAuMjE0IDAuNzc1IDBsMi4xMTkgMi4xMTljMC4yMTQgMC4yMTQgMC41NjEgMC4yMTQgMC43NzUgMGw4LjE5MS04LjE5MmMwLjIxNC0wLjIxNCAwLjU2MS0wLjIxNCAwLjc3NSAwbDUgNWMwLjEwMyAwLjEwMyAwLjE2IDAuMjQyIDAuMTYgMC4zODh2OS45ODhjMCAwLjMwMy0wLjI0NSAwLjU0OC0wLjU0OCAwLjU0OGgtMjIuNDQ3Yy0wLjMwMyAwLTAuNTQ4LTAuMjQ1LTAuNTQ4LTAuNTQ4eiIgb3BhY2l0eT0iMSIgdmlzaWJpbGl0eT0iZmFsc2UiIGZpbGw9IiNkN2Q3ZDciPjwvcGF0aD4KCTxwYXRoIGQ9Ik0yMS41NDQgMTcuOTY3YzAgMS45ODItMS42MDYgMy41ODgtMy41ODggMy41ODhzLTMuNTg4LTEuNjA2LTMuNTg4LTMuNTg4YzAtMS45ODEgMS42MDYtMy41ODggMy41ODgtMy41ODhzMy41ODggMS42MDYgMy41ODggMy41ODh6IiBvcGFjaXR5PSIxIiB2aXNpYmlsaXR5PSJmYWxzZSIgZmlsbD0iI2Q3ZDdkNyI+PC9wYXRoPgo8L3N2Zz4K" alt="Thomas' English Muffins Original - 6 ct" skeleton-box-size="9rem" class="product-grid-image object-contain"></div></div> <div class="mobile-product-list-cell_info"><div class="product-tile_detail"><div class="skeleton-loader_wrapper cursor-pointer"><div class="product-grid-cell_price-container product-grid-cell_price-container--mobile"><span class="product-grid-cell_main-price"><!---->
    $5.29
  </span> <!----></div> <!----></div> <!----></div> <div class="mobile-product-list-cell_name-content"><div class="skeleton-loader_wrapper"><div class="product-grid-cell_name"><a id="product-name-6767-16760862337530035" href="#" data-opens-modal="true" aria-haspopup="dialog" class="product-grid-cell_name-text product-grid-cell_name-text--clamp-2"><!---->
    Thomas' English Muffins Original - 6 ct
  </a></div> <!----> <!----></div> <div class="skeleton-loader_wrapper"><div class="product-grid-cell_sizes"><span class="product-grid-cell_size">
    13 OZ PKG
  </span> <span aria-hidden="true">
    |
  </span> <!----> <span class="product-grid-cell_unit">
    $0.41 / OZ
  </span></div> <!----></div> <!----> <!----> <!----> <!----> <!----> <!----> <!----></div> <div class="mobile-product-list-cell_bottom"><div class="mobile-product-list-cell_bottom_cart-ui-wrapper"><!----> <!----> <div class="pdl-add-to-cart"><div class="pdl-add-to-cart_button"><button aria-label="Add to cart" data-product-id="6767" data-price="5.29" class="button button--add-to-cart">
      Add to cart
      <!----></button> <!----> <!----> <!----></div> <!----></div></div> <!----></div></div></div> <div class="product-tile_action-items"><!----> <!----> <div class="shopping-list-menu_container"><div class="relative-el"><button aria-label="add to shopping list" class="button pdl-product-detail_top-icon button--fourth pdl-product-detail_top-icon--borderless"><!----> <div class="vector-icon-size--large"><svg xmlns="http://www.w3.org/2000/svg" aria-label="Shopping List Icon Add" viewBox="0 0 32 32" role="presentation" aria-hidden="true" focusable="false" class="vector-icon-color--dark-grey"><title lang="en">Shopping List Icon Add</title><desc></desc><g fill="" stroke=""><g><path d="M21.94066,15.3368884 L21.94066,12.8931995 C21.94066,12.3409148 22.3883752,11.8931995 22.94066,11.8931995 C23.4929447,11.8931995 23.94066,12.3409148 23.94066,12.8931995 L23.94066,15.3368884 L26.2522624,15.3368884 C26.8045471,15.3368884 27.2522624,15.7846037 27.2522624,16.3368884 C27.2522624,16.8891732 26.8045471,17.3368884 26.2522624,17.3368884 L23.94066,17.3368884 L23.94066,19.8787952 C23.94066,20.43108 23.4929447,20.8787952 22.94066,20.8787952 C22.3883752,20.8787952 21.94066,20.43108 21.94066,19.8787952 L21.94066,17.3368884 L19.2666667,17.3368884 C18.7143819,17.3368884 18.2666667,16.8891732 18.2666667,16.3368884 C18.2666667,15.7846037 18.7143819,15.3368884 19.2666667,15.3368884 L21.94066,15.3368884 Z M8,12 C7.44771525,12 7,11.5522847 7,11 C7,10.4477153 7.44771525,10 8,10 L19.1153581,10 C19.6676429,10 20.1153581,10.4477153 20.1153581,11 C20.1153581,11.5522847 19.6676429,12 19.1153581,12 L8,12 Z M8,17.3368884 C7.44771525,17.3368884 7,16.8891732 7,16.3368884 C7,15.7846037 7.44771525,15.3368884 8,15.3368884 L14.7200696,15.3368884 C15.2723543,15.3368884 15.7200696,15.7846037 15.7200696,16.3368884 C15.7200696,16.8891732 15.2723543,17.3368884 14.7200696,17.3368884 L8,17.3368884 Z M8,23 C7.44771525,23 7,22.5522847 7,22 C7,21.4477153 7.44771525,21 8,21 L19.1153581,21 C19.6676429,21 20.1153581,21.4477153 20.1153581,22 C20.1153581,22.5522847 19.6676429,23 19.1153581,23 L8,23 Z" fill="#000000" fill-rule="nonzero"></path></g></g></svg></div> <div class="pdl-product-detail_list-tooltip"><p>Add item to shopping list</p> <em></em></div></button></div></div></div> <!----></li> <!----><!----> <!----> <!----> <!----> <li tabindex="-1" data-product-id="117913" class="slot mobile-product-list-cell"><!----> <!----> <!----> <!----> <div class="mobile-product-list-cell_content"><div><!----> <div class="flag_outer-container"><div class=""><svg xmlns="http://www.w3.org/2000/svg" aria-label="Sale" viewBox="0 0 32 32" role="presentation" aria-hidden="true" focusable="false" class="w-20 ml-3"><title lang="en">Sale</title><desc></desc><g fill="" stroke=""><g><path d="M16.56 19.87a3.81 3.81 0 0 1-1-.13l-13.39-3.5a1.5 1.5 0 0 1-1.12-1.34l-.81-11a1.52 1.52 0 0 1 1.39-1.61l27.69-2h.11a1.51 1.51 0 0 1 1.5 1.4l.82 11a1.52 1.52 0 0 1-.91 1.5l-12.72 5.36a3.79 3.79 0 0 1-1.56.32Z" fill="#ed1256"></path><path fill="#fff" d="M29.43.48a1.26 1.26 0 0 1 1.26 1.17l.82 11a1.27 1.27 0 0 1-.76 1.26L18 19.34a3.72 3.72 0 0 1-1.47.3 3.79 3.79 0 0 1-.94-.12L2.24 16a1.27 1.27 0 0 1-1-1.13l-.81-11a1.26 1.26 0 0 1 1.22-1.33L29.34.48h.09m0-.48h-.13L1.62 2A1.76 1.76 0 0 0 0 3.92l.82 11a1.73 1.73 0 0 0 1.3 1.55L15.5 20a4.3 4.3 0 0 0 1.07.14 4.24 4.24 0 0 0 1.65-.34l12.72-5.44A1.76 1.76 0 0 0 32 12.59l-.82-11A1.76 1.76 0 0 0 29.43 0Z"></path><path fill="#fff" d="M3.74 9.87a3 3 0 0 0 .82.55 2.21 2.21 0 0 0 1.08.19 1.6 1.6 0 0 0 .29 0 1 1 0 0 0 .26-.12.58.58 0 0 0 .18-.2.62.62 0 0 0 0-.31.59.59 0 0 0-.32-.49 3.38 3.38 0 0 0-.85-.34L4.84 9a4.19 4.19 0 0 1-.69-.26 2.44 2.44 0 0 1-.63-.41 1.92 1.92 0 0 1-.7-1.42 2.68 2.68 0 0 1 .1-1A2.2 2.2 0 0 1 3.39 5a2.42 2.42 0 0 1 .82-.6 3.15 3.15 0 0 1 1.17-.28 3.68 3.68 0 0 1 1.72.24 3 3 0 0 1 .57.29A2.66 2.66 0 0 1 8 5l-.82 1.37a4.42 4.42 0 0 0-.82-.45 2 2 0 0 0-.85-.13 1.4 1.4 0 0 0-.28.06A.9.9 0 0 0 5 6a.62.62 0 0 0-.16.2.5.5 0 0 0 0 .28.6.6 0 0 0 .1.31.68.68 0 0 0 .24.2 1.27 1.27 0 0 0 .35.15l.43.13.35.09a7.49 7.49 0 0 1 .69.22 2.2 2.2 0 0 1 .72.42 2.46 2.46 0 0 1 .54.68 2.31 2.31 0 0 1 .27 1 2.15 2.15 0 0 1-.15 1 2.53 2.53 0 0 1-.56.84 2.77 2.77 0 0 1-.88.59 4 4 0 0 1-1.11.27A4.67 4.67 0 0 1 4 12.25a3.79 3.79 0 0 1-1.28-.75ZM11.29 3.89l2.17-.16 3.1 7.7-2 .15L14 10l-2.39.18-.35 1.67-2 .14Zm2.15 4.6-1-2.84-.61 2.95ZM17 3.47l1.89-.14.44 6 3.3-.25.16 1.92-5.19.39ZM23.36 3l5.13-.38.13 1.8-3.24.24.09 1.22 2.66-.2.12 1.7-2.65.2.09 1.35 3.46-.26.13 1.81-5.34.4Z"></path></g></g></svg></div> <!----> <!----> <!----></div></div> <div class="mobile-product-list-cell_left"><div><!----> <img src="data:image/svg+xml;base64,PD94bWwgdmVyc2lvbj0iMS4wIiBlbmNvZGluZz0idXRmLTgiPz4KPCEtLSBHZW5lcmF0ZWQgYnkgSWNvTW9vbi5pbyAtLT4KPCFET0NUWVBFIHN2ZyBQVUJMSUMgIi0vL1czQy8vRFREIFNWRyAxLjEvL0VOIiAiaHR0cDovL3d3dy53My5vcmcvR3JhcGhpY3MvU1ZHLzEuMS9EVEQvc3ZnMTEuZHRkIj4KPHN2ZyB2ZXJzaW9uPSIxLjEiIHhtbG5zPSJodHRwOi8vd3d3LnczLm9yZy8yMDAwL3N2ZyIgeG1sbnM6eGxpbms9Imh0dHA6Ly93d3cudzMub3JnLzE5OTkveGxpbmsiIHdpZHRoPSI0OCIgaGVpZ2h0PSI0OCIgdmlld0JveD0iMCAwIDQ4IDQ4Ij4KPGcgaWQ9Imljb21vb24taWdub3JlIj4KCTxsaW5lIHN0cm9rZS13aWR0aD0iMSIgeDE9IiIgeTE9IiIgeDI9IiIgeTI9IiIgc3Ryb2tlPSIjNDQ5RkRCIiBvcGFjaXR5PSIiPjwvbGluZT4KPC9nPgoJPHBhdGggZD0iTTM4LjQ4IDkuMDcwYzAuMjQ4IDAgMC40NSAwLjIwMiAwLjQ1IDAuNDV2MjguOTU5YzAgMC4yNDgtMC4yMDIgMC40NS0wLjQ1IDAuNDVoLTI4Ljk1OWMtMC4yNDggMC0wLjQ1LTAuMjAyLTAuNDUtMC40NXYtMjguOTU5YzAtMC4yNDggMC4yMDItMC40NSAwLjQ1LTAuNDVoMjguOTU5ek0zOC40OCA4aC0yOC45NTljLTAuODQgMC0xLjUyIDAuNjgxLTEuNTIgMS41MjF2MjguOTU5YzAgMC44NCAwLjY4MSAxLjUyMSAxLjUyIDEuNTIxaDI4Ljk1OWMwLjg0IDAgMS41Mi0wLjY4MSAxLjUyLTEuNTIxdi0yOC45NTljMC0wLjg0LTAuNjgxLTEuNTIxLTEuNTItMS41MjF2MHoiIG9wYWNpdHk9IjEiIHZpc2liaWxpdHk9ImZhbHNlIiBmaWxsPSIjZDdkN2Q3Ij48L3BhdGg+Cgk8cGF0aCBkPSJNMTIuMjI4IDM1LjIyNHYtMy4zMjljMC0wLjE0NSAwLjA1OC0wLjI4NSAwLjE2LTAuMzg4bDUuNTg3LTUuNTg3YzAuMjE0LTAuMjE0IDAuNTYxLTAuMjE0IDAuNzc1IDBsMi4xMTkgMi4xMTljMC4yMTQgMC4yMTQgMC41NjEgMC4yMTQgMC43NzUgMGw4LjE5MS04LjE5MmMwLjIxNC0wLjIxNCAwLjU2MS0wLjIxNCAwLjc3NSAwbDUgNWMwLjEwMyAwLjEwMyAwLjE2IDAuMjQyIDAuMTYgMC4zODh2OS45ODhjMCAwLjMwMy0wLjI0NSAwLjU0OC0wLjU0OCAwLjU0OGgtMjIuNDQ3Yy0wLjMwMyAwLTAuNTQ4LTAuMjQ1LTAuNTQ4LTAuNTQ4eiIgb3BhY2l0eT0iMSIgdmlzaWJpbGl0eT0iZmFsc2UiIGZpbGw9IiNkN2Q3ZDciPjwvcGF0aD4KCTxwYXRoIGQ9Ik0yMS41NDQgMTcuOTY3YzAgMS45ODItMS42MDYgMy41ODgtMy41ODggMy41ODhzLTMuNTg4LTEuNjA2LTMuNTg4LTMuNTg4YzAtMS45ODEgMS42MDYtMy41ODggMy41ODgtMy41ODhzMy41ODggMS42MDYgMy41ODggMy41ODh6IiBvcGFjaXR5PSIxIiB2aXNpYmlsaXR5PSJmYWxzZSIgZmlsbD0iI2Q3ZDdkNyI+PC9wYXRoPgo8L3N2Zz4K" alt="Red Cherries" skeleton-box-size="9rem" class="product-grid-image object-contain"></div></div> <div class="mobile-product-list-cell_info"><div class="product-tile_detail"><div class="skeleton-loader_wrapper cursor-pointer"><div class="product-grid-cell_price-container product-grid-cell_price-container_column product-grid-cell_price-container--mobile"><span class="product-grid-cell_main-price product-grid-cell_main-price--on-sale"><span class="sr-only">
      Sale Price
    </span>
    $3.99
  </span> <div class="product-grid-cell_was-container"><span class="product-grid-cell_regular-price product-grid-cell_regular-price--small"><span class="sr-only">
        Original Price
      </span>
      $6.99
    </span></div></div> <!----></div> <!----></div> <div class="mobile-product-list-cell_name-content"><div class="skeleton-loader_wrapper"><div class="product-grid-cell_name"><a id="product-name-117913-16760862337558117" href="#" data-opens-modal="true" aria-haspopup="dialog" class="product-grid-cell_name-text product-grid-cell_name-text--clamp-2"><!---->
    Red Cherries
  </a></div> <!----> <!----></div> <div class="skeleton-loader_wrapper"><div class="product-grid-cell_sizes"><span class="product-grid-cell_size">
    APX 1 LB
  </span> <span aria-hidden="true">
    |
  </span> <!----> <span class="product-grid-cell_unit">
    $3.99 / OZ
  </span></div> <!----></div> <!----> <!----> <!----> <!----> <!----> <!----> <!----></div> <div class="mobile-product-list-cell_bottom"><div class="mobile-product-list-cell_bottom_cart-ui-wrapper"><!----> <!----> <div class="pdl-add-to-cart"><div class="pdl-add-to-cart_button"><button aria-label="Add to cart" data-product-id="117913" data-price="3.99" class="button button--add-to-cart add-sale">
      Add to cart
      <!----></button> <!----> <!----> <!----></div> <!----></div></div> <!----></div></div></div> <div class="product-tile_action-items"><!----> <!----> <div class="shopping-list-menu_container"><div class="relative-el"><button aria-label="add to shopping list" class="button pdl-product-detail_top-icon button--fourth pdl-product-detail_top-icon--borderless"><!----> <div class="vector-icon-size--large"><svg xmlns="http://www.w3.org/2000/svg" aria-label="Shopping List Icon Add" viewBox="0 0 32 32" role="presentation" aria-hidden="true" focusable="false" class="vector-icon-color--dark-grey"><title lang="en">Shopping List Icon Add</title><desc></desc><g fill="" stroke=""><g><path d="M21.94066,15.3368884 L21.94066,12.8931995 C21.94066,12.3409148 22.3883752,11.8931995 22.94066,11.8931995 C23.4929447,11.8931995 23.94066,12.3409148 23.94066,12.8931995 L23.94066,15.3368884 L26.2522624,15.3368884 C26.8045471,15.3368884 27.2522624,15.7846037 27.2522624,16.3368884 C27.2522624,16.8891732 26.8045471,17.3368884 26.2522624,17.3368884 L23.94066,17.3368884 L23.94066,19.8787952 C23.94066,20.43108 23.4929447,20.8787952 22.94066,20.8787952 C22.3883752,20.8787952 21.94066,20.43108 21.94066,19.8787952 L21.94066,17.3368884 L19.2666667,17.3368884 C18.7143819,17.3368884 18.2666667,16.8891732 18.2666667,16.3368884 C18.2666667,15.7846037 18.7143819,15.3368884 19.2666667,15.3368884 L21.94066,15.3368884 Z M8,12 C7.44771525,12 7,11.5522847 7,11 C7,10.4477153 7.44771525,10 8,10 L19.1153581,10 C19.6676429,10 20.1153581,10.4477153 20.1153581,11 C20.1153581,11.5522847 19.6676429,12 19.1153581,12 L8,12 Z M8,17.3368884 C7.44771525,17.3368884 7,16.8891732 7,16.3368884 C7,15.7846037 7.44771525,15.3368884 8,15.3368884 L14.7200696,15.3368884 C15.2723543,15.3368884 15.7200696,15.7846037 15.7200696,16.3368884 C15.7200696,16.8891732 15.2723543,17.3368884 14.7200696,17.3368884 L8,17.3368884 Z M8,23 C7.44771525,23 7,22.5522847 7,22 C7,21.4477153 7.44771525,21 8,21 L19.1153581,21 C19.6676429,21 20.1153581,21.4477153 20.1153581,22 C20.1153581,22.5522847 19.6676429,23 19.1153581,23 L8,23 Z" fill="#000000" fill-rule="nonzero"></path></g></g></svg></div> <div class="pdl-product-detail_list-tooltip"><p>Add item to shopping list</p> <em></em></div></button></div></div></div> <!----></li> <!----><!----> <!----> <!----> <!----> <li tabindex="-1" data-product-id="156071" class="slot mobile-product-list-cell"><!----> <!----> <!----> <!----> <div class="mobile-product-list-cell_content"><div><!----> <div class="flag_outer-container"><div class=""><svg xmlns="http://www.w3.org/2000/svg" aria-label="Sale" viewBox="0 0 32 32" role="presentation" aria-hidden="true" focusable="false" class="w-20 ml-3"><title lang="en">Sale</title><desc></desc><g fill="" stroke=""><g><path d="M16.56 19.87a3.81 3.81 0 0 1-1-.13l-13.39-3.5a1.5 1.5 0 0 1-1.12-1.34l-.81-11a1.52 1.52 0 0 1 1.39-1.61l27.69-2h.11a1.51 1.51 0 0 1 1.5 1.4l.82 11a1.52 1.52 0 0 1-.91 1.5l-12.72 5.36a3.79 3.79 0 0 1-1.56.32Z" fill="#ed1256"></path><path fill="#fff" d="M29.43.48a1.26 1.26 0 0 1 1.26 1.17l.82 11a1.27 1.27 0 0 1-.76 1.26L18 19.34a3.72 3.72 0 0 1-1.47.3 3.79 3.79 0 0 1-.94-.12L2.24 16a1.27 1.27 0 0 1-1-1.13l-.81-11a1.26 1.26 0 0 1 1.22-1.33L29.34.48h.09m0-.48h-.13L1.62 2A1.76 1.76 0 0 0 0 3.92l.82 11a1.73 1.73 0 0 0 1.3 1.55L15.5 20a4.3 4.3 0 0 0 1.07.14 4.24 4.24 0 0 0 1.65-.34l12.72-5.44A1.76 1.76 0 0 0 32 12.59l-.82-11A1.76 1.76 0 0 0 29.43 0Z"></path><path fill="#fff" d="M3.74 9.87a3 3 0 0 0 .82.55 2.21 2.21 0 0 0 1.08.19 1.6 1.6 0 0 0 .29 0 1 1 0 0 0 .26-.12.58.58 0 0 0 .18-.2.62.62 0 0 0 0-.31.59.59 0 0 0-.32-.49 3.38 3.38 0 0 0-.85-.34L4.84 9a4.19 4.19 0 0 1-.69-.26 2.44 2.44 0 0 1-.63-.41 1.92 1.92 0 0 1-.7-1.42 2.68 2.68 0 0 1 .1-1A2.2 2.2 0 0 1 3.39 5a2.42 2.42 0 0 1 .82-.6 3.15 3.15 0 0 1 1.17-.28 3.68 3.68 0 0 1 1.72.24 3 3 0 0 1 .57.29A2.66 2.66 0 0 1 8 5l-.82 1.37a4.42 4.42 0 0 0-.82-.45 2 2 0 0 0-.85-.13 1.4 1.4 0 0 0-.28.06A.9.9 0 0 0 5 6a.62.62 0 0 0-.16.2.5.5 0 0 0 0 .28.6.6 0 0 0 .1.31.68.68 0 0 0 .24.2 1.27 1.27 0 0 0 .35.15l.43.13.35.09a7.49 7.49 0 0 1 .69.22 2.2 2.2 0 0 1 .72.42 2.46 2.46 0 0 1 .54.68 2.31 2.31 0 0 1 .27 1 2.15 2.15 0 0 1-.15 1 2.53 2.53 0 0 1-.56.84 2.77 2.77 0 0 1-.88.59 4 4 0 0 1-1.11.27A4.67 4.67 0 0 1 4 12.25a3.79 3.79 0 0 1-1.28-.75ZM11.29 3.89l2.17-.16 3.1 7.7-2 .15L14 10l-2.39.18-.35 1.67-2 .14Zm2.15 4.6-1-2.84-.61 2.95ZM17 3.47l1.89-.14.44 6 3.3-.25.16 1.92-5.19.39ZM23.36 3l5.13-.38.13 1.8-3.24.24.09 1.22 2.66-.2.12 1.7-2.65.2.09 1.35 3.46-.26.13 1.81-5.34.4Z"></path></g></g></svg></div> <!----> <!----> <!----></div></div> <div class="mobile-product-list-cell_left"><div><!----> <img src="data:image/svg+xml;base64,PD94bWwgdmVyc2lvbj0iMS4wIiBlbmNvZGluZz0idXRmLTgiPz4KPCEtLSBHZW5lcmF0ZWQgYnkgSWNvTW9vbi5pbyAtLT4KPCFET0NUWVBFIHN2ZyBQVUJMSUMgIi0vL1czQy8vRFREIFNWRyAxLjEvL0VOIiAiaHR0cDovL3d3dy53My5vcmcvR3JhcGhpY3MvU1ZHLzEuMS9EVEQvc3ZnMTEuZHRkIj4KPHN2ZyB2ZXJzaW9uPSIxLjEiIHhtbG5zPSJodHRwOi8vd3d3LnczLm9yZy8yMDAwL3N2ZyIgeG1sbnM6eGxpbms9Imh0dHA6Ly93d3cudzMub3JnLzE5OTkveGxpbmsiIHdpZHRoPSI0OCIgaGVpZ2h0PSI0OCIgdmlld0JveD0iMCAwIDQ4IDQ4Ij4KPGcgaWQ9Imljb21vb24taWdub3JlIj4KCTxsaW5lIHN0cm9rZS13aWR0aD0iMSIgeDE9IiIgeTE9IiIgeDI9IiIgeTI9IiIgc3Ryb2tlPSIjNDQ5RkRCIiBvcGFjaXR5PSIiPjwvbGluZT4KPC9nPgoJPHBhdGggZD0iTTM4LjQ4IDkuMDcwYzAuMjQ4IDAgMC40NSAwLjIwMiAwLjQ1IDAuNDV2MjguOTU5YzAgMC4yNDgtMC4yMDIgMC40NS0wLjQ1IDAuNDVoLTI4Ljk1OWMtMC4yNDggMC0wLjQ1LTAuMjAyLTAuNDUtMC40NXYtMjguOTU5YzAtMC4yNDggMC4yMDItMC40NSAwLjQ1LTAuNDVoMjguOTU5ek0zOC40OCA4aC0yOC45NTljLTAuODQgMC0xLjUyIDAuNjgxLTEuNTIgMS41MjF2MjguOTU5YzAgMC44NCAwLjY4MSAxLjUyMSAxLjUyIDEuNTIxaDI4Ljk1OWMwLjg0IDAgMS41Mi0wLjY4MSAxLjUyLTEuNTIxdi0yOC45NTljMC0wLjg0LTAuNjgxLTEuNTIxLTEuNTItMS41MjF2MHoiIG9wYWNpdHk9IjEiIHZpc2liaWxpdHk9ImZhbHNlIiBmaWxsPSIjZDdkN2Q3Ij48L3BhdGg+Cgk8cGF0aCBkPSJNMTIuMjI4IDM1LjIyNHYtMy4zMjljMC0wLjE0NSAwLjA1OC0wLjI4NSAwLjE2LTAuMzg4bDUuNTg3LTUuNTg3YzAuMjE0LTAuMjE0IDAuNTYxLTAuMjE0IDAuNzc1IDBsMi4xMTkgMi4xMTljMC4yMTQgMC4yMTQgMC41NjEgMC4yMTQgMC43NzUgMGw4LjE5MS04LjE5MmMwLjIxNC0wLjIxNCAwLjU2MS0wLjIxNCAwLjc3NSAwbDUgNWMwLjEwMyAwLjEwMyAwLjE2IDAuMjQyIDAuMTYgMC4zODh2OS45ODhjMCAwLjMwMy0wLjI0NSAwLjU0OC0wLjU0OCAwLjU0OGgtMjIuNDQ3Yy0wLjMwMyAwLTAuNTQ4LTAuMjQ1LTAuNTQ4LTAuNTQ4eiIgb3BhY2l0eT0iMSIgdmlzaWJpbGl0eT0iZmFsc2UiIGZpbGw9IiNkN2Q3ZDciPjwvcGF0aD4KCTxwYXRoIGQ9Ik0yMS41NDQgMTcuOTY3YzAgMS45ODItMS42MDYgMy41ODgtMy41ODggMy41ODhzLTMuNTg4LTEuNjA2LTMuNTg4LTMuNTg4YzAtMS45ODEgMS42MDYtMy41ODggMy41ODgtMy41ODhzMy41ODggMS42MDYgMy41ODggMy41ODh6IiBvcGFjaXR5PSIxIiB2aXNpYmlsaXR5PSJmYWxzZSIgZmlsbD0iI2Q3ZDdkNyI+PC9wYXRoPgo8L3N2Zz4K" alt="College Inn Chicken Broth" skeleton-box-size="9rem" class="product-grid-image object-contain"></div></div> <div class="mobile-product-list-cell_info"><div class="product-tile_detail"><div class="skeleton-loader_wrapper cursor-pointer"><div class="product-grid-cell_price-container product-grid-cell_price-container_column product-grid-cell_price-container--mobile"><span class="product-grid-cell_main-price product-grid-cell_main-price--on-sale"><span class="sr-only">
      Sale Price
    </span>
    $2.00
  </span> <div class="product-grid-cell_was-container"><span class="product-grid-cell_regular-price product-grid-cell_regular-price--small"><span class="sr-only">
        Original Price
      </span>
      $2.99
    </span></div></div> <!----></div> <!----></div> <div class="mobile-product-list-cell_name-content"><div class="skeleton-loader_wrapper"><div class="product-grid-cell_name"><a id="product-name-156071-16760862337591719" href="#" data-opens-modal="true" aria-haspopup="dialog" class="product-grid-cell_name-text product-grid-cell_name-text--clamp-2"><!---->
    College Inn Chicken Broth
  </a></div> <!----> <!----></div> <div class="skeleton-loader_wrapper"><div class="product-grid-cell_sizes"><span class="product-grid-cell_size">
    32 OZ CTN
  </span> <span aria-hidden="true">
    |
  </span> <!----> <span class="product-grid-cell_unit">
    $0.06 / OZ
  </span></div> <!----></div> <!----> <!----> <!----> <!----> <!----> <!----> <!----></div> <div class="mobile-product-list-cell_bottom"><div class="mobile-product-list-cell_bottom_cart-ui-wrapper"><!----> <!----> <div class="pdl-add-to-cart"><div class="pdl-add-to-cart_button"><button aria-label="Add to cart" data-product-id="156071" data-price="2" class="button button--add-to-cart add-sale">
      Add to cart
      <!----></button> <!----> <!----> <!----></div> <!----></div></div> <!----></div></div></div> <div class="product-tile_action-items"><!----> <!----> <div class="shopping-list-menu_container"><div class="relative-el"><button aria-label="add to shopping list" class="button pdl-product-detail_top-icon button--fourth pdl-product-detail_top-icon--borderless"><!----> <div class="vector-icon-size--large"><svg xmlns="http://www.w3.org/2000/svg" aria-label="Shopping List Icon Add" viewBox="0 0 32 32" role="presentation" aria-hidden="true" focusable="false" class="vector-icon-color--dark-grey"><title lang="en">Shopping List Icon Add</title><desc></desc><g fill="" stroke=""><g><path d="M21.94066,15.3368884 L21.94066,12.8931995 C21.94066,12.3409148 22.3883752,11.8931995 22.94066,11.8931995 C23.4929447,11.8931995 23.94066,12.3409148 23.94066,12.8931995 L23.94066,15.3368884 L26.2522624,15.3368884 C26.8045471,15.3368884 27.2522624,15.7846037 27.2522624,16.3368884 C27.2522624,16.8891732 26.8045471,17.3368884 26.2522624,17.3368884 L23.94066,17.3368884 L23.94066,19.8787952 C23.94066,20.43108 23.4929447,20.8787952 22.94066,20.8787952 C22.3883752,20.8787952 21.94066,20.43108 21.94066,19.8787952 L21.94066,17.3368884 L19.2666667,17.3368884 C18.7143819,17.3368884 18.2666667,16.8891732 18.2666667,16.3368884 C18.2666667,15.7846037 18.7143819,15.3368884 19.2666667,15.3368884 L21.94066,15.3368884 Z M8,12 C7.44771525,12 7,11.5522847 7,11 C7,10.4477153 7.44771525,10 8,10 L19.1153581,10 C19.6676429,10 20.1153581,10.4477153 20.1153581,11 C20.1153581,11.5522847 19.6676429,12 19.1153581,12 L8,12 Z M8,17.3368884 C7.44771525,17.3368884 7,16.8891732 7,16.3368884 C7,15.7846037 7.44771525,15.3368884 8,15.3368884 L14.7200696,15.3368884 C15.2723543,15.3368884 15.7200696,15.7846037 15.7200696,16.3368884 C15.7200696,16.8891732 15.2723543,17.3368884 14.7200696,17.3368884 L8,17.3368884 Z M8,23 C7.44771525,23 7,22.5522847 7,22 C7,21.4477153 7.44771525,21 8,21 L19.1153581,21 C19.6676429,21 20.1153581,21.4477153 20.1153581,22 C20.1153581,22.5522847 19.6676429,23 19.1153581,23 L8,23 Z" fill="#000000" fill-rule="nonzero"></path></g></g></svg></div> <div class="pdl-product-detail_list-tooltip"><p>Add item to shopping list</p> <em></em></div></button></div></div></div> <!----></li> <!----><!----> <!----> <!----> <!----> <li tabindex="-1" data-product-id="118789" class="slot mobile-product-list-cell"><!----> <!----> <!----> <!----> <div class="mobile-product-list-cell_content"><div><!----> <div class="flag_outer-container"><!----> <!----> <!----> <!----></div></div> <div class="mobile-product-list-cell_left"><div><!----> <img src="data:image/svg+xml;base64,PD94bWwgdmVyc2lvbj0iMS4wIiBlbmNvZGluZz0idXRmLTgiPz4KPCEtLSBHZW5lcmF0ZWQgYnkgSWNvTW9vbi5pbyAtLT4KPCFET0NUWVBFIHN2ZyBQVUJMSUMgIi0vL1czQy8vRFREIFNWRyAxLjEvL0VOIiAiaHR0cDovL3d3dy53My5vcmcvR3JhcGhpY3MvU1ZHLzEuMS9EVEQvc3ZnMTEuZHRkIj4KPHN2ZyB2ZXJzaW9uPSIxLjEiIHhtbG5zPSJodHRwOi8vd3d3LnczLm9yZy8yMDAwL3N2ZyIgeG1sbnM6eGxpbms9Imh0dHA6Ly93d3cudzMub3JnLzE5OTkveGxpbmsiIHdpZHRoPSI0OCIgaGVpZ2h0PSI0OCIgdmlld0JveD0iMCAwIDQ4IDQ4Ij4KPGcgaWQ9Imljb21vb24taWdub3JlIj4KCTxsaW5lIHN0cm9rZS13aWR0aD0iMSIgeDE9IiIgeTE9IiIgeDI9IiIgeTI9IiIgc3Ryb2tlPSIjNDQ5RkRCIiBvcGFjaXR5PSIiPjwvbGluZT4KPC9nPgoJPHBhdGggZD0iTTM4LjQ4IDkuMDcwYzAuMjQ4IDAgMC40NSAwLjIwMiAwLjQ1IDAuNDV2MjguOTU5YzAgMC4yNDgtMC4yMDIgMC40NS0wLjQ1IDAuNDVoLTI4Ljk1OWMtMC4yNDggMC0wLjQ1LTAuMjAyLTAuNDUtMC40NXYtMjguOTU5YzAtMC4yNDggMC4yMDItMC40NSAwLjQ1LTAuNDVoMjguOTU5ek0zOC40OCA4aC0yOC45NTljLTAuODQgMC0xLjUyIDAuNjgxLTEuNTIgMS41MjF2MjguOTU5YzAgMC44NCAwLjY4MSAxLjUyMSAxLjUyIDEuNTIxaDI4Ljk1OWMwLjg0IDAgMS41Mi0wLjY4MSAxLjUyLTEuNTIxdi0yOC45NTljMC0wLjg0LTAuNjgxLTEuNTIxLTEuNTItMS41MjF2MHoiIG9wYWNpdHk9IjEiIHZpc2liaWxpdHk9ImZhbHNlIiBmaWxsPSIjZDdkN2Q3Ij48L3BhdGg+Cgk8cGF0aCBkPSJNMTIuMjI4IDM1LjIyNHYtMy4zMjljMC0wLjE0NSAwLjA1OC0wLjI4NSAwLjE2LTAuMzg4bDUuNTg3LTUuNTg3YzAuMjE0LTAuMjE0IDAuNTYxLTAuMjE0IDAuNzc1IDBsMi4xMTkgMi4xMTljMC4yMTQgMC4yMTQgMC41NjEgMC4yMTQgMC43NzUgMGw4LjE5MS04LjE5MmMwLjIxNC0wLjIxNCAwLjU2MS0wLjIxNCAwLjc3NSAwbDUgNWMwLjEwMyAwLjEwMyAwLjE2IDAuMjQyIDAuMTYgMC4zODh2OS45ODhjMCAwLjMwMy0wLjI0NSAwLjU0OC0wLjU0OCAwLjU0OGgtMjIuNDQ3Yy0wLjMwMyAwLTAuNTQ4LTAuMjQ1LTAuNTQ4LTAuNTQ4eiIgb3BhY2l0eT0iMSIgdmlzaWJpbGl0eT0iZmFsc2UiIGZpbGw9IiNkN2Q3ZDciPjwvcGF0aD4KCTxwYXRoIGQ9Ik0yMS41NDQgMTcuOTY3YzAgMS45ODItMS42MDYgMy41ODgtMy41ODggMy41ODhzLTMuNTg4LTEuNjA2LTMuNTg4LTMuNTg4YzAtMS45ODEgMS42MDYtMy41ODggMy41ODgtMy41ODhzMy41ODggMS42MDYgMy41ODggMy41ODh6IiBvcGFjaXR5PSIxIiB2aXNpYmlsaXR5PSJmYWxzZSIgZmlsbD0iI2Q3ZDdkNyI+PC9wYXRoPgo8L3N2Zz4K" alt="Stop &amp; Shop Salad Basics Baby Spinach" skeleton-box-size="9rem" class="product-grid-image object-contain"></div></div> <div class="mobile-product-list-cell_info"><div class="product-tile_detail"><div class="skeleton-loader_wrapper cursor-pointer"><div class="product-grid-cell_price-container product-grid-cell_price-container--mobile"><span class="product-grid-cell_main-price"><!---->
    $3.19
  </span> <!----></div> <!----></div> <!----></div> <div class="mobile-product-list-cell_name-content"><div class="skeleton-loader_wrapper"><div class="product-grid-cell_name"><a id="product-name-118789-16761547338744104" href="#" data-opens-modal="true" aria-haspopup="dialog" class="product-grid-cell_name-text product-grid-cell_name-text--clamp-2"><span class="vector-icon_inline-text--left mr-0"><div class="vector-icon-size--xsmall"><svg xmlns="http://www.w3.org/2000/svg" aria-label="Ahold Icon" viewBox="0 0 1024 945" role="presentation" aria-hidden="true" focusable="false" class=""><title lang="en">Ahold Icon</title><desc></desc><g fill="" stroke=""><g><path d="M1.893 730.617c-1.289-2.094-2.052-4.631-2.052-7.346 0-.747.058-1.481.169-2.197.158-12.396 10.227-22.466 22.687-22.634h895.306c12.476.168 22.545 10.237 22.713 22.698-.521 3.721-1.182 6.924-2.024 10.053l.131-.574c-86.363 175.072-263.598 293.385-468.466 293.385S88.254 905.689 3.252 733.663l-1.361-3.046z" fill="#F7A800" class="path1"></path> <path d="M107.889 132.495c1.893-1.893 1.893-3.786 3.786-5.678 2.98-3.491 7.385-5.69 12.303-5.69s9.323 2.199 12.284 5.668l.019.022L613.264 603.8c3.491 2.98 5.69 7.385 5.69 12.303s-2.199 9.323-5.668 12.284c-1.399 1.869-3.361 3.216-5.631 3.789l-.069.015c-38.446 13.732-82.796 21.669-129.001 21.669-108.416 0-206.626-43.699-277.977-114.443C130.241 467.591 86.799 369.1 86.799 260.462c0-45.803 7.722-89.803 21.936-130.767l-.845 2.8z" fill="#E2231A" class="path2"></path> <path d="M600.015 1.893a6.922 6.922 0 0 1 5.713-1.889c.057-.006.164-.007.272-.007 7.15 0 12.947 5.796 12.947 12.947 0 .108-.001.215-.004.322v-.016 503.482c.002.091.004.199.004.306 0 7.15-5.796 12.947-12.947 12.947-.108 0-.215-.001-.322-.004a6.925 6.925 0 0 1-5.665-1.895l.002.002c-98.273-48.542-164.673-148.065-164.673-263.098S501.743 50.434 598.306 2.657l1.709-.765z" fill="#712177" class="path3"></path> <path d="M938.824 283.919c1.893 0 1.893 1.893 3.786 1.893 1.765 2.012 2.841 4.666 2.841 7.571s-1.077 5.559-2.853 7.584l.011-.013-268.776 266.884c-2.012 1.765-4.666 2.841-7.571 2.841s-5.559-1.077-7.584-2.853a3.774 3.774 0 0 1-1.877-3.793l-.002.019c-7.681-21.529-12.12-46.363-12.12-72.235 0-61.263 24.891-116.712 65.111-156.786 39.326-39.792 93.895-64.431 154.219-64.431 26.857 0 52.573 4.884 76.309 13.812l-1.494-.493z" fill="#82BC00" class="path4"></path></g></g></svg></div></span>
    Stop &amp; Shop Salad Basics Baby Spinach
  </a></div> <!----> <!----></div> <div class="skeleton-loader_wrapper"><div class="product-grid-cell_sizes"><span class="product-grid-cell_size">
    6 OZ BAG
  </span> <span aria-hidden="true">
    |
  </span> <!----> <span class="product-grid-cell_unit">
    $0.53 / OZ
  </span></div> <!----></div> <!----> <!----> <!----> <!----> <!----> <!----> <!----></div> <div class="mobile-product-list-cell_bottom"><div class="mobile-product-list-cell_bottom_cart-ui-wrapper"><!----> <!----> <div class="pdl-add-to-cart"><div class="pdl-add-to-cart_button"><button aria-label="Add to cart" data-product-id="118789" data-price="3.19" class="button button--add-to-cart">
      Add to cart
      <!----></button> <!----> <!----> <!----></div> <!----></div></div> <!----></div></div></div> <div class="product-tile_action-items"><!----> <!----> <div class="shopping-list-menu_container"><div class="relative-el"><button aria-label="add to shopping list" class="button pdl-product-detail_top-icon button--fourth pdl-product-detail_top-icon--borderless"><!----> <div class="vector-icon-size--large"><svg xmlns="http://www.w3.org/2000/svg" aria-label="Shopping List Icon Add" viewBox="0 0 32 32" role="presentation" aria-hidden="true" focusable="false" class="vector-icon-color--dark-grey"><title lang="en">Shopping List Icon Add</title><desc></desc><g fill="" stroke=""><g><path d="M21.94066,15.3368884 L21.94066,12.8931995 C21.94066,12.3409148 22.3883752,11.8931995 22.94066,11.8931995 C23.4929447,11.8931995 23.94066,12.3409148 23.94066,12.8931995 L23.94066,15.3368884 L26.2522624,15.3368884 C26.8045471,15.3368884 27.2522624,15.7846037 27.2522624,16.3368884 C27.2522624,16.8891732 26.8045471,17.3368884 26.2522624,17.3368884 L23.94066,17.3368884 L23.94066,19.8787952 C23.94066,20.43108 23.4929447,20.8787952 22.94066,20.8787952 C22.3883752,20.8787952 21.94066,20.43108 21.94066,19.8787952 L21.94066,17.3368884 L19.2666667,17.3368884 C18.7143819,17.3368884 18.2666667,16.8891732 18.2666667,16.3368884 C18.2666667,15.7846037 18.7143819,15.3368884 19.2666667,15.3368884 L21.94066,15.3368884 Z M8,12 C7.44771525,12 7,11.5522847 7,11 C7,10.4477153 7.44771525,10 8,10 L19.1153581,10 C19.6676429,10 20.1153581,10.4477153 20.1153581,11 C20.1153581,11.5522847 19.6676429,12 19.1153581,12 L8,12 Z M8,17.3368884 C7.44771525,17.3368884 7,16.8891732 7,16.3368884 C7,15.7846037 7.44771525,15.3368884 8,15.3368884 L14.7200696,15.3368884 C15.2723543,15.3368884 15.7200696,15.7846037 15.7200696,16.3368884 C15.7200696,16.8891732 15.2723543,17.3368884 14.7200696,17.3368884 L8,17.3368884 Z M8,23 C7.44771525,23 7,22.5522847 7,22 C7,21.4477153 7.44771525,21 8,21 L19.1153581,21 C19.6676429,21 20.1153581,21.4477153 20.1153581,22 C20.1153581,22.5522847 19.6676429,23 19.1153581,23 L8,23 Z" fill="#000000" fill-rule="nonzero"></path></g></g></svg></div> <div class="pdl-product-detail_list-tooltip"><p>Add item to shopping list</p> <em></em></div></button></div></div></div> <!----></li> <!----><!----> <!----> <!----> <!----> <li tabindex="-1" data-product-id="118640" class="slot mobile-product-list-cell"><!----> <!----> <!----> <!----> <div class="mobile-product-list-cell_content"><div><!----> <div class="flag_outer-container"><!----> <!----> <!----> <!----></div></div> <div class="mobile-product-list-cell_left"><div><!----> <img src="data:image/svg+xml;base64,PD94bWwgdmVyc2lvbj0iMS4wIiBlbmNvZGluZz0idXRmLTgiPz4KPCEtLSBHZW5lcmF0ZWQgYnkgSWNvTW9vbi5pbyAtLT4KPCFET0NUWVBFIHN2ZyBQVUJMSUMgIi0vL1czQy8vRFREIFNWRyAxLjEvL0VOIiAiaHR0cDovL3d3dy53My5vcmcvR3JhcGhpY3MvU1ZHLzEuMS9EVEQvc3ZnMTEuZHRkIj4KPHN2ZyB2ZXJzaW9uPSIxLjEiIHhtbG5zPSJodHRwOi8vd3d3LnczLm9yZy8yMDAwL3N2ZyIgeG1sbnM6eGxpbms9Imh0dHA6Ly93d3cudzMub3JnLzE5OTkveGxpbmsiIHdpZHRoPSI0OCIgaGVpZ2h0PSI0OCIgdmlld0JveD0iMCAwIDQ4IDQ4Ij4KPGcgaWQ9Imljb21vb24taWdub3JlIj4KCTxsaW5lIHN0cm9rZS13aWR0aD0iMSIgeDE9IiIgeTE9IiIgeDI9IiIgeTI9IiIgc3Ryb2tlPSIjNDQ5RkRCIiBvcGFjaXR5PSIiPjwvbGluZT4KPC9nPgoJPHBhdGggZD0iTTM4LjQ4IDkuMDcwYzAuMjQ4IDAgMC40NSAwLjIwMiAwLjQ1IDAuNDV2MjguOTU5YzAgMC4yNDgtMC4yMDIgMC40NS0wLjQ1IDAuNDVoLTI4Ljk1OWMtMC4yNDggMC0wLjQ1LTAuMjAyLTAuNDUtMC40NXYtMjguOTU5YzAtMC4yNDggMC4yMDItMC40NSAwLjQ1LTAuNDVoMjguOTU5ek0zOC40OCA4aC0yOC45NTljLTAuODQgMC0xLjUyIDAuNjgxLTEuNTIgMS41MjF2MjguOTU5YzAgMC44NCAwLjY4MSAxLjUyMSAxLjUyIDEuNTIxaDI4Ljk1OWMwLjg0IDAgMS41Mi0wLjY4MSAxLjUyLTEuNTIxdi0yOC45NTljMC0wLjg0LTAuNjgxLTEuNTIxLTEuNTItMS41MjF2MHoiIG9wYWNpdHk9IjEiIHZpc2liaWxpdHk9ImZhbHNlIiBmaWxsPSIjZDdkN2Q3Ij48L3BhdGg+Cgk8cGF0aCBkPSJNMTIuMjI4IDM1LjIyNHYtMy4zMjljMC0wLjE0NSAwLjA1OC0wLjI4NSAwLjE2LTAuMzg4bDUuNTg3LTUuNTg3YzAuMjE0LTAuMjE0IDAuNTYxLTAuMjE0IDAuNzc1IDBsMi4xMTkgMi4xMTljMC4yMTQgMC4yMTQgMC41NjEgMC4yMTQgMC43NzUgMGw4LjE5MS04LjE5MmMwLjIxNC0wLjIxNCAwLjU2MS0wLjIxNCAwLjc3NSAwbDUgNWMwLjEwMyAwLjEwMyAwLjE2IDAuMjQyIDAuMTYgMC4zODh2OS45ODhjMCAwLjMwMy0wLjI0NSAwLjU0OC0wLjU0OCAwLjU0OGgtMjIuNDQ3Yy0wLjMwMyAwLTAuNTQ4LTAuMjQ1LTAuNTQ4LTAuNTQ4eiIgb3BhY2l0eT0iMSIgdmlzaWJpbGl0eT0iZmFsc2UiIGZpbGw9IiNkN2Q3ZDciPjwvcGF0aD4KCTxwYXRoIGQ9Ik0yMS41NDQgMTcuOTY3YzAgMS45ODItMS42MDYgMy41ODgtMy41ODggMy41ODhzLTMuNTg4LTEuNjA2LTMuNTg4LTMuNTg4YzAtMS45ODEgMS42MDYtMy41ODggMy41ODgtMy41ODhzMy41ODggMS42MDYgMy41ODggMy41ODh6IiBvcGFjaXR5PSIxIiB2aXNpYmlsaXR5PSJmYWxzZSIgZmlsbD0iI2Q3ZDdkNyI+PC9wYXRoPgo8L3N2Zz4K" alt="Pears Bartlett" skeleton-box-size="9rem" class="product-grid-image object-contain"></div></div> <div class="mobile-product-list-cell_info"><div class="product-tile_detail"><div class="skeleton-loader_wrapper cursor-pointer"><div class="product-grid-cell_price-container product-grid-cell_price-container--mobile"><span class="product-grid-cell_main-price"><!---->
    $1.15
  </span> <!----></div> <!----></div> <!----></div> <div class="mobile-product-list-cell_name-content"><div class="skeleton-loader_wrapper"><div class="product-grid-cell_name"><a id="product-name-118640-16761547343654277" href="#" data-opens-modal="true" aria-haspopup="dialog" class="product-grid-cell_name-text product-grid-cell_name-text--clamp-2"><!---->
    Pears Bartlett
  </a></div> <!----> <!----></div> <div class="skeleton-loader_wrapper"><div class="product-grid-cell_sizes"><span class="product-grid-cell_size">
    1 EA
  </span> <span aria-hidden="true">
    |
  </span> <!----> <span class="product-grid-cell_unit">
    $1.15 / EA
  </span></div> <!----></div> <!----> <!----> <!----> <!----> <!----> <!----> <!----></div> <div class="mobile-product-list-cell_bottom"><div class="mobile-product-list-cell_bottom_cart-ui-wrapper"><!----> <!----> <div class="pdl-add-to-cart"><div class="pdl-add-to-cart_button"><button aria-label="Add to cart" data-product-id="118640" data-price="1.15" class="button button--add-to-cart">
      Add to cart
      <!----></button> <!----> <!----> <!----></div> <!----></div></div> <!----></div></div></div> <div class="product-tile_action-items"><!----> <!----> <div class="shopping-list-menu_container"><div class="relative-el"><button aria-label="add to shopping list" class="button pdl-product-detail_top-icon button--fourth pdl-product-detail_top-icon--borderless"><!----> <div class="vector-icon-size--large"><svg xmlns="http://www.w3.org/2000/svg" aria-label="Shopping List Icon Add" viewBox="0 0 32 32" role="presentation" aria-hidden="true" focusable="false" class="vector-icon-color--dark-grey"><title lang="en">Shopping List Icon Add</title><desc></desc><g fill="" stroke=""><g><path d="M21.94066,15.3368884 L21.94066,12.8931995 C21.94066,12.3409148 22.3883752,11.8931995 22.94066,11.8931995 C23.4929447,11.8931995 23.94066,12.3409148 23.94066,12.8931995 L23.94066,15.3368884 L26.2522624,15.3368884 C26.8045471,15.3368884 27.2522624,15.7846037 27.2522624,16.3368884 C27.2522624,16.8891732 26.8045471,17.3368884 26.2522624,17.3368884 L23.94066,17.3368884 L23.94066,19.8787952 C23.94066,20.43108 23.4929447,20.8787952 22.94066,20.8787952 C22.3883752,20.8787952 21.94066,20.43108 21.94066,19.8787952 L21.94066,17.3368884 L19.2666667,17.3368884 C18.7143819,17.3368884 18.2666667,16.8891732 18.2666667,16.3368884 C18.2666667,15.7846037 18.7143819,15.3368884 19.2666667,15.3368884 L21.94066,15.3368884 Z M8,12 C7.44771525,12 7,11.5522847 7,11 C7,10.4477153 7.44771525,10 8,10 L19.1153581,10 C19.6676429,10 20.1153581,10.4477153 20.1153581,11 C20.1153581,11.5522847 19.6676429,12 19.1153581,12 L8,12 Z M8,17.3368884 C7.44771525,17.3368884 7,16.8891732 7,16.3368884 C7,15.7846037 7.44771525,15.3368884 8,15.3368884 L14.7200696,15.3368884 C15.2723543,15.3368884 15.7200696,15.7846037 15.7200696,16.3368884 C15.7200696,16.8891732 15.2723543,17.3368884 14.7200696,17.3368884 L8,17.3368884 Z M8,23 C7.44771525,23 7,22.5522847 7,22 C7,21.4477153 7.44771525,21 8,21 L19.1153581,21 C19.6676429,21 20.1153581,21.4477153 20.1153581,22 C20.1153581,22.5522847 19.6676429,23 19.1153581,23 L8,23 Z" fill="#000000" fill-rule="nonzero"></path></g></g></svg></div> <div class="pdl-product-detail_list-tooltip"><p>Add item to shopping list</p> <em></em></div></button></div></div></div> <!----></li> <!----><!----> <!----> <!----> <!----> <li tabindex="-1" data-product-id="106691" class="slot mobile-product-list-cell"><!----> <!----> <!----> <!----> <div class="mobile-product-list-cell_content"><div><!----> <div class="flag_outer-container"><!----> <!----> <!----> <!----></div></div> <div class="mobile-product-list-cell_left"><div><!----> <img src="data:image/svg+xml;base64,PD94bWwgdmVyc2lvbj0iMS4wIiBlbmNvZGluZz0idXRmLTgiPz4KPCEtLSBHZW5lcmF0ZWQgYnkgSWNvTW9vbi5pbyAtLT4KPCFET0NUWVBFIHN2ZyBQVUJMSUMgIi0vL1czQy8vRFREIFNWRyAxLjEvL0VOIiAiaHR0cDovL3d3dy53My5vcmcvR3JhcGhpY3MvU1ZHLzEuMS9EVEQvc3ZnMTEuZHRkIj4KPHN2ZyB2ZXJzaW9uPSIxLjEiIHhtbG5zPSJodHRwOi8vd3d3LnczLm9yZy8yMDAwL3N2ZyIgeG1sbnM6eGxpbms9Imh0dHA6Ly93d3cudzMub3JnLzE5OTkveGxpbmsiIHdpZHRoPSI0OCIgaGVpZ2h0PSI0OCIgdmlld0JveD0iMCAwIDQ4IDQ4Ij4KPGcgaWQ9Imljb21vb24taWdub3JlIj4KCTxsaW5lIHN0cm9rZS13aWR0aD0iMSIgeDE9IiIgeTE9IiIgeDI9IiIgeTI9IiIgc3Ryb2tlPSIjNDQ5RkRCIiBvcGFjaXR5PSIiPjwvbGluZT4KPC9nPgoJPHBhdGggZD0iTTM4LjQ4IDkuMDcwYzAuMjQ4IDAgMC40NSAwLjIwMiAwLjQ1IDAuNDV2MjguOTU5YzAgMC4yNDgtMC4yMDIgMC40NS0wLjQ1IDAuNDVoLTI4Ljk1OWMtMC4yNDggMC0wLjQ1LTAuMjAyLTAuNDUtMC40NXYtMjguOTU5YzAtMC4yNDggMC4yMDItMC40NSAwLjQ1LTAuNDVoMjguOTU5ek0zOC40OCA4aC0yOC45NTljLTAuODQgMC0xLjUyIDAuNjgxLTEuNTIgMS41MjF2MjguOTU5YzAgMC44NCAwLjY4MSAxLjUyMSAxLjUyIDEuNTIxaDI4Ljk1OWMwLjg0IDAgMS41Mi0wLjY4MSAxLjUyLTEuNTIxdi0yOC45NTljMC0wLjg0LTAuNjgxLTEuNTIxLTEuNTItMS41MjF2MHoiIG9wYWNpdHk9IjEiIHZpc2liaWxpdHk9ImZhbHNlIiBmaWxsPSIjZDdkN2Q3Ij48L3BhdGg+Cgk8cGF0aCBkPSJNMTIuMjI4IDM1LjIyNHYtMy4zMjljMC0wLjE0NSAwLjA1OC0wLjI4NSAwLjE2LTAuMzg4bDUuNTg3LTUuNTg3YzAuMjE0LTAuMjE0IDAuNTYxLTAuMjE0IDAuNzc1IDBsMi4xMTkgMi4xMTljMC4yMTQgMC4yMTQgMC41NjEgMC4yMTQgMC43NzUgMGw4LjE5MS04LjE5MmMwLjIxNC0wLjIxNCAwLjU2MS0wLjIxNCAwLjc3NSAwbDUgNWMwLjEwMyAwLjEwMyAwLjE2IDAuMjQyIDAuMTYgMC4zODh2OS45ODhjMCAwLjMwMy0wLjI0NSAwLjU0OC0wLjU0OCAwLjU0OGgtMjIuNDQ3Yy0wLjMwMyAwLTAuNTQ4LTAuMjQ1LTAuNTQ4LTAuNTQ4eiIgb3BhY2l0eT0iMSIgdmlzaWJpbGl0eT0iZmFsc2UiIGZpbGw9IiNkN2Q3ZDciPjwvcGF0aD4KCTxwYXRoIGQ9Ik0yMS41NDQgMTcuOTY3YzAgMS45ODItMS42MDYgMy41ODgtMy41ODggMy41ODhzLTMuNTg4LTEuNjA2LTMuNTg4LTMuNTg4YzAtMS45ODEgMS42MDYtMy41ODggMy41ODgtMy41ODhzMy41ODggMS42MDYgMy41ODggMy41ODh6IiBvcGFjaXR5PSIxIiB2aXNpYmlsaXR5PSJmYWxzZSIgZmlsbD0iI2Q3ZDdkNyI+PC9wYXRoPgo8L3N2Zz4K" alt="Stop &amp; Shop Deli American Cheese White (Regular Sliced)" skeleton-box-size="9rem" class="product-grid-image object-contain"></div></div> <div class="mobile-product-list-cell_info"><div class="product-tile_detail"><div class="skeleton-loader_wrapper cursor-pointer"><div class="product-grid-cell_price-container product-grid-cell_price-container--mobile"><span class="product-grid-cell_main-price"><!---->
    $3.25
  </span> <!----></div> <!----></div> <!----></div> <div class="mobile-product-list-cell_name-content"><div class="skeleton-loader_wrapper"><div class="product-grid-cell_name"><a id="product-name-106691-16761547343673184" href="#" data-opens-modal="true" aria-haspopup="dialog" class="product-grid-cell_name-text product-grid-cell_name-text--clamp-2"><span class="vector-icon_inline-text--left mr-0"><div class="vector-icon-size--xsmall"><svg xmlns="http://www.w3.org/2000/svg" aria-label="Ahold Icon" viewBox="0 0 1024 945" role="presentation" aria-hidden="true" focusable="false" class=""><title lang="en">Ahold Icon</title><desc></desc><g fill="" stroke=""><g><path d="M1.893 730.617c-1.289-2.094-2.052-4.631-2.052-7.346 0-.747.058-1.481.169-2.197.158-12.396 10.227-22.466 22.687-22.634h895.306c12.476.168 22.545 10.237 22.713 22.698-.521 3.721-1.182 6.924-2.024 10.053l.131-.574c-86.363 175.072-263.598 293.385-468.466 293.385S88.254 905.689 3.252 733.663l-1.361-3.046z" fill="#F7A800" class="path1"></path> <path d="M107.889 132.495c1.893-1.893 1.893-3.786 3.786-5.678 2.98-3.491 7.385-5.69 12.303-5.69s9.323 2.199 12.284 5.668l.019.022L613.264 603.8c3.491 2.98 5.69 7.385 5.69 12.303s-2.199 9.323-5.668 12.284c-1.399 1.869-3.361 3.216-5.631 3.789l-.069.015c-38.446 13.732-82.796 21.669-129.001 21.669-108.416 0-206.626-43.699-277.977-114.443C130.241 467.591 86.799 369.1 86.799 260.462c0-45.803 7.722-89.803 21.936-130.767l-.845 2.8z" fill="#E2231A" class="path2"></path> <path d="M600.015 1.893a6.922 6.922 0 0 1 5.713-1.889c.057-.006.164-.007.272-.007 7.15 0 12.947 5.796 12.947 12.947 0 .108-.001.215-.004.322v-.016 503.482c.002.091.004.199.004.306 0 7.15-5.796 12.947-12.947 12.947-.108 0-.215-.001-.322-.004a6.925 6.925 0 0 1-5.665-1.895l.002.002c-98.273-48.542-164.673-148.065-164.673-263.098S501.743 50.434 598.306 2.657l1.709-.765z" fill="#712177" class="path3"></path> <path d="M938.824 283.919c1.893 0 1.893 1.893 3.786 1.893 1.765 2.012 2.841 4.666 2.841 7.571s-1.077 5.559-2.853 7.584l.011-.013-268.776 266.884c-2.012 1.765-4.666 2.841-7.571 2.841s-5.559-1.077-7.584-2.853a3.774 3.774 0 0 1-1.877-3.793l-.002.019c-7.681-21.529-12.12-46.363-12.12-72.235 0-61.263 24.891-116.712 65.111-156.786 39.326-39.792 93.895-64.431 154.219-64.431 26.857 0 52.573 4.884 76.309 13.812l-1.494-.493z" fill="#82BC00" class="path4"></path></g></g></svg></div></span>
    Stop &amp; Shop Deli American Cheese White (Regular Sliced)
  </a></div> <!----> <!----></div> <div class="skeleton-loader_wrapper"><div class="product-grid-cell_sizes"><span class="product-grid-cell_size">
    APX 1/2 LB
  </span> <span aria-hidden="true">
    |
  </span> <!----> <span class="product-grid-cell_unit">
    $6.49 / LB
  </span></div> <!----></div> <!----> <!----> <!----> <!----> <!----> <!----> <!----></div> <div class="mobile-product-list-cell_bottom"><div class="mobile-product-list-cell_bottom_cart-ui-wrapper"><!----> <!----> <div class="pdl-add-to-cart"><div class="pdl-add-to-cart_button"><button aria-label="Add to cart" data-product-id="106691" data-price="3.25" class="button button--add-to-cart">
      Add to cart
      <!----></button> <!----> <!----> <!----></div> <!----></div></div> <!----></div></div></div> <div class="product-tile_action-items"><!----> <!----> <div class="shopping-list-menu_container"><div class="relative-el"><button aria-label="add to shopping list" class="button pdl-product-detail_top-icon button--fourth pdl-product-detail_top-icon--borderless"><!----> <div class="vector-icon-size--large"><svg xmlns="http://www.w3.org/2000/svg" aria-label="Shopping List Icon Add" viewBox="0 0 32 32" role="presentation" aria-hidden="true" focusable="false" class="vector-icon-color--dark-grey"><title lang="en">Shopping List Icon Add</title><desc></desc><g fill="" stroke=""><g><path d="M21.94066,15.3368884 L21.94066,12.8931995 C21.94066,12.3409148 22.3883752,11.8931995 22.94066,11.8931995 C23.4929447,11.8931995 23.94066,12.3409148 23.94066,12.8931995 L23.94066,15.3368884 L26.2522624,15.3368884 C26.8045471,15.3368884 27.2522624,15.7846037 27.2522624,16.3368884 C27.2522624,16.8891732 26.8045471,17.3368884 26.2522624,17.3368884 L23.94066,17.3368884 L23.94066,19.8787952 C23.94066,20.43108 23.4929447,20.8787952 22.94066,20.8787952 C22.3883752,20.8787952 21.94066,20.43108 21.94066,19.8787952 L21.94066,17.3368884 L19.2666667,17.3368884 C18.7143819,17.3368884 18.2666667,16.8891732 18.2666667,16.3368884 C18.2666667,15.7846037 18.7143819,15.3368884 19.2666667,15.3368884 L21.94066,15.3368884 Z M8,12 C7.44771525,12 7,11.5522847 7,11 C7,10.4477153 7.44771525,10 8,10 L19.1153581,10 C19.6676429,10 20.1153581,10.4477153 20.1153581,11 C20.1153581,11.5522847 19.6676429,12 19.1153581,12 L8,12 Z M8,17.3368884 C7.44771525,17.3368884 7,16.8891732 7,16.3368884 C7,15.7846037 7.44771525,15.3368884 8,15.3368884 L14.7200696,15.3368884 C15.2723543,15.3368884 15.7200696,15.7846037 15.7200696,16.3368884 C15.7200696,16.8891732 15.2723543,17.3368884 14.7200696,17.3368884 L8,17.3368884 Z M8,23 C7.44771525,23 7,22.5522847 7,22 C7,21.4477153 7.44771525,21 8,21 L19.1153581,21 C19.6676429,21 20.1153581,21.4477153 20.1153581,22 C20.1153581,22.5522847 19.6676429,23 19.1153581,23 L8,23 Z" fill="#000000" fill-rule="nonzero"></path></g></g></svg></div> <div class="pdl-product-detail_list-tooltip"><p>Add item to shopping list</p> <em></em></div></button></div></div></div> <!----></li> <!----><!----> <!----> <!----> <!----> <li tabindex="-1" data-product-id="175187" class="slot mobile-product-list-cell"><!----> <!----> <!----> <!----> <div class="mobile-product-list-cell_content"><div><!----> <div class="flag_outer-container"><div class=""><svg xmlns="http://www.w3.org/2000/svg" aria-label="Sale" viewBox="0 0 32 32" role="presentation" aria-hidden="true" focusable="false" class="w-20 ml-3"><title lang="en">Sale</title><desc></desc><g fill="" stroke=""><g><path d="M16.56 19.87a3.81 3.81 0 0 1-1-.13l-13.39-3.5a1.5 1.5 0 0 1-1.12-1.34l-.81-11a1.52 1.52 0 0 1 1.39-1.61l27.69-2h.11a1.51 1.51 0 0 1 1.5 1.4l.82 11a1.52 1.52 0 0 1-.91 1.5l-12.72 5.36a3.79 3.79 0 0 1-1.56.32Z" fill="#ed1256"></path><path fill="#fff" d="M29.43.48a1.26 1.26 0 0 1 1.26 1.17l.82 11a1.27 1.27 0 0 1-.76 1.26L18 19.34a3.72 3.72 0 0 1-1.47.3 3.79 3.79 0 0 1-.94-.12L2.24 16a1.27 1.27 0 0 1-1-1.13l-.81-11a1.26 1.26 0 0 1 1.22-1.33L29.34.48h.09m0-.48h-.13L1.62 2A1.76 1.76 0 0 0 0 3.92l.82 11a1.73 1.73 0 0 0 1.3 1.55L15.5 20a4.3 4.3 0 0 0 1.07.14 4.24 4.24 0 0 0 1.65-.34l12.72-5.44A1.76 1.76 0 0 0 32 12.59l-.82-11A1.76 1.76 0 0 0 29.43 0Z"></path><path fill="#fff" d="M3.74 9.87a3 3 0 0 0 .82.55 2.21 2.21 0 0 0 1.08.19 1.6 1.6 0 0 0 .29 0 1 1 0 0 0 .26-.12.58.58 0 0 0 .18-.2.62.62 0 0 0 0-.31.59.59 0 0 0-.32-.49 3.38 3.38 0 0 0-.85-.34L4.84 9a4.19 4.19 0 0 1-.69-.26 2.44 2.44 0 0 1-.63-.41 1.92 1.92 0 0 1-.7-1.42 2.68 2.68 0 0 1 .1-1A2.2 2.2 0 0 1 3.39 5a2.42 2.42 0 0 1 .82-.6 3.15 3.15 0 0 1 1.17-.28 3.68 3.68 0 0 1 1.72.24 3 3 0 0 1 .57.29A2.66 2.66 0 0 1 8 5l-.82 1.37a4.42 4.42 0 0 0-.82-.45 2 2 0 0 0-.85-.13 1.4 1.4 0 0 0-.28.06A.9.9 0 0 0 5 6a.62.62 0 0 0-.16.2.5.5 0 0 0 0 .28.6.6 0 0 0 .1.31.68.68 0 0 0 .24.2 1.27 1.27 0 0 0 .35.15l.43.13.35.09a7.49 7.49 0 0 1 .69.22 2.2 2.2 0 0 1 .72.42 2.46 2.46 0 0 1 .54.68 2.31 2.31 0 0 1 .27 1 2.15 2.15 0 0 1-.15 1 2.53 2.53 0 0 1-.56.84 2.77 2.77 0 0 1-.88.59 4 4 0 0 1-1.11.27A4.67 4.67 0 0 1 4 12.25a3.79 3.79 0 0 1-1.28-.75ZM11.29 3.89l2.17-.16 3.1 7.7-2 .15L14 10l-2.39.18-.35 1.67-2 .14Zm2.15 4.6-1-2.84-.61 2.95ZM17 3.47l1.89-.14.44 6 3.3-.25.16 1.92-5.19.39ZM23.36 3l5.13-.38.13 1.8-3.24.24.09 1.22 2.66-.2.12 1.7-2.65.2.09 1.35 3.46-.26.13 1.81-5.34.4Z"></path></g></g></svg></div> <!----> <!----> <!----></div></div> <div class="mobile-product-list-cell_left"><div><!----> <img src="data:image/svg+xml;base64,PD94bWwgdmVyc2lvbj0iMS4wIiBlbmNvZGluZz0idXRmLTgiPz4KPCEtLSBHZW5lcmF0ZWQgYnkgSWNvTW9vbi5pbyAtLT4KPCFET0NUWVBFIHN2ZyBQVUJMSUMgIi0vL1czQy8vRFREIFNWRyAxLjEvL0VOIiAiaHR0cDovL3d3dy53My5vcmcvR3JhcGhpY3MvU1ZHLzEuMS9EVEQvc3ZnMTEuZHRkIj4KPHN2ZyB2ZXJzaW9uPSIxLjEiIHhtbG5zPSJodHRwOi8vd3d3LnczLm9yZy8yMDAwL3N2ZyIgeG1sbnM6eGxpbms9Imh0dHA6Ly93d3cudzMub3JnLzE5OTkveGxpbmsiIHdpZHRoPSI0OCIgaGVpZ2h0PSI0OCIgdmlld0JveD0iMCAwIDQ4IDQ4Ij4KPGcgaWQ9Imljb21vb24taWdub3JlIj4KCTxsaW5lIHN0cm9rZS13aWR0aD0iMSIgeDE9IiIgeTE9IiIgeDI9IiIgeTI9IiIgc3Ryb2tlPSIjNDQ5RkRCIiBvcGFjaXR5PSIiPjwvbGluZT4KPC9nPgoJPHBhdGggZD0iTTM4LjQ4IDkuMDcwYzAuMjQ4IDAgMC40NSAwLjIwMiAwLjQ1IDAuNDV2MjguOTU5YzAgMC4yNDgtMC4yMDIgMC40NS0wLjQ1IDAuNDVoLTI4Ljk1OWMtMC4yNDggMC0wLjQ1LTAuMjAyLTAuNDUtMC40NXYtMjguOTU5YzAtMC4yNDggMC4yMDItMC40NSAwLjQ1LTAuNDVoMjguOTU5ek0zOC40OCA4aC0yOC45NTljLTAuODQgMC0xLjUyIDAuNjgxLTEuNTIgMS41MjF2MjguOTU5YzAgMC44NCAwLjY4MSAxLjUyMSAxLjUyIDEuNTIxaDI4Ljk1OWMwLjg0IDAgMS41Mi0wLjY4MSAxLjUyLTEuNTIxdi0yOC45NTljMC0wLjg0LTAuNjgxLTEuNTIxLTEuNTItMS41MjF2MHoiIG9wYWNpdHk9IjEiIHZpc2liaWxpdHk9ImZhbHNlIiBmaWxsPSIjZDdkN2Q3Ij48L3BhdGg+Cgk8cGF0aCBkPSJNMTIuMjI4IDM1LjIyNHYtMy4zMjljMC0wLjE0NSAwLjA1OC0wLjI4NSAwLjE2LTAuMzg4bDUuNTg3LTUuNTg3YzAuMjE0LTAuMjE0IDAuNTYxLTAuMjE0IDAuNzc1IDBsMi4xMTkgMi4xMTljMC4yMTQgMC4yMTQgMC41NjEgMC4yMTQgMC43NzUgMGw4LjE5MS04LjE5MmMwLjIxNC0wLjIxNCAwLjU2MS0wLjIxNCAwLjc3NSAwbDUgNWMwLjEwMyAwLjEwMyAwLjE2IDAuMjQyIDAuMTYgMC4zODh2OS45ODhjMCAwLjMwMy0wLjI0NSAwLjU0OC0wLjU0OCAwLjU0OGgtMjIuNDQ3Yy0wLjMwMyAwLTAuNTQ4LTAuMjQ1LTAuNTQ4LTAuNTQ4eiIgb3BhY2l0eT0iMSIgdmlzaWJpbGl0eT0iZmFsc2UiIGZpbGw9IiNkN2Q3ZDciPjwvcGF0aD4KCTxwYXRoIGQ9Ik0yMS41NDQgMTcuOTY3YzAgMS45ODItMS42MDYgMy41ODgtMy41ODggMy41ODhzLTMuNTg4LTEuNjA2LTMuNTg4LTMuNTg4YzAtMS45ODEgMS42MDYtMy41ODggMy41ODgtMy41ODhzMy41ODggMS42MDYgMy41ODggMy41ODh6IiBvcGFjaXR5PSIxIiB2aXNpYmlsaXR5PSJmYWxzZSIgZmlsbD0iI2Q3ZDdkNyI+PC9wYXRoPgo8L3N2Zz4K" alt="Blueberries Organic" skeleton-box-size="9rem" class="product-grid-image object-contain"></div></div> <div class="mobile-product-list-cell_info"><div class="product-tile_detail"><div class="skeleton-loader_wrapper cursor-pointer"><div class="product-grid-cell_price-container product-grid-cell_price-container_column product-grid-cell_price-container--mobile"><span class="product-grid-cell_main-price product-grid-cell_main-price--on-sale"><span class="sr-only">
      Sale Price
    </span>
    $3.99
  </span> <div class="product-grid-cell_was-container"><span class="product-grid-cell_regular-price product-grid-cell_regular-price--small"><span class="sr-only">
        Original Price
      </span>
      $4.49
    </span></div></div> <!----></div> <!----></div> <div class="mobile-product-list-cell_name-content"><div class="skeleton-loader_wrapper"><div class="product-grid-cell_name"><a id="product-name-175187-16761547343693783" href="#" data-opens-modal="true" aria-haspopup="dialog" class="product-grid-cell_name-text product-grid-cell_name-text--clamp-2"><!---->
    Blueberries Organic
  </a></div> <!----> <!----></div> <div class="skeleton-loader_wrapper"><div class="product-grid-cell_sizes"><span class="product-grid-cell_size">
    6 OZ PKG
  </span> <span aria-hidden="true">
    |
  </span> <!----> <span class="product-grid-cell_unit">
    $0.67 / OZ
  </span></div> <!----></div> <!----> <!----> <!----> <!----> <!----> <!----> <!----></div> <div class="mobile-product-list-cell_bottom"><div class="mobile-product-list-cell_bottom_cart-ui-wrapper"><!----> <!----> <div class="pdl-add-to-cart"><div class="pdl-add-to-cart_button"><button aria-label="Add to cart" data-product-id="175187" data-price="3.99" class="button button--add-to-cart add-sale">
      Add to cart
      <!----></button> <!----> <!----> <!----></div> <!----></div></div> <!----></div></div></div> <div class="product-tile_action-items"><!----> <!----> <div class="shopping-list-menu_container"><div class="relative-el"><button aria-label="add to shopping list" class="button pdl-product-detail_top-icon button--fourth pdl-product-detail_top-icon--borderless"><!----> <div class="vector-icon-size--large"><svg xmlns="http://www.w3.org/2000/svg" aria-label="Shopping List Icon Add" viewBox="0 0 32 32" role="presentation" aria-hidden="true" focusable="false" class="vector-icon-color--dark-grey"><title lang="en">Shopping List Icon Add</title><desc></desc><g fill="" stroke=""><g><path d="M21.94066,15.3368884 L21.94066,12.8931995 C21.94066,12.3409148 22.3883752,11.8931995 22.94066,11.8931995 C23.4929447,11.8931995 23.94066,12.3409148 23.94066,12.8931995 L23.94066,15.3368884 L26.2522624,15.3368884 C26.8045471,15.3368884 27.2522624,15.7846037 27.2522624,16.3368884 C27.2522624,16.8891732 26.8045471,17.3368884 26.2522624,17.3368884 L23.94066,17.3368884 L23.94066,19.8787952 C23.94066,20.43108 23.4929447,20.8787952 22.94066,20.8787952 C22.3883752,20.8787952 21.94066,20.43108 21.94066,19.8787952 L21.94066,17.3368884 L19.2666667,17.3368884 C18.7143819,17.3368884 18.2666667,16.8891732 18.2666667,16.3368884 C18.2666667,15.7846037 18.7143819,15.3368884 19.2666667,15.3368884 L21.94066,15.3368884 Z M8,12 C7.44771525,12 7,11.5522847 7,11 C7,10.4477153 7.44771525,10 8,10 L19.1153581,10 C19.6676429,10 20.1153581,10.4477153 20.1153581,11 C20.1153581,11.5522847 19.6676429,12 19.1153581,12 L8,12 Z M8,17.3368884 C7.44771525,17.3368884 7,16.8891732 7,16.3368884 C7,15.7846037 7.44771525,15.3368884 8,15.3368884 L14.7200696,15.3368884 C15.2723543,15.3368884 15.7200696,15.7846037 15.7200696,16.3368884 C15.7200696,16.8891732 15.2723543,17.3368884 14.7200696,17.3368884 L8,17.3368884 Z M8,23 C7.44771525,23 7,22.5522847 7,22 C7,21.4477153 7.44771525,21 8,21 L19.1153581,21 C19.6676429,21 20.1153581,21.4477153 20.1153581,22 C20.1153581,22.5522847 19.6676429,23 19.1153581,23 L8,23 Z" fill="#000000" fill-rule="nonzero"></path></g></g></svg></div> <div class="pdl-product-detail_list-tooltip"><p>Add item to shopping list</p> <em></em></div></button></div></div></div> <!----></li> <!----><!----> <!----> <!----> <!----> <li tabindex="-1" data-product-id="163208" class="slot mobile-product-list-cell"><!----> <!----> <!----> <!----> <div class="mobile-product-list-cell_content"><div><!----> <div class="flag_outer-container"><div class=""><svg xmlns="http://www.w3.org/2000/svg" aria-label="Sale" viewBox="0 0 32 32" role="presentation" aria-hidden="true" focusable="false" class="w-20 ml-3"><title lang="en">Sale</title><desc></desc><g fill="" stroke=""><g><path d="M16.56 19.87a3.81 3.81 0 0 1-1-.13l-13.39-3.5a1.5 1.5 0 0 1-1.12-1.34l-.81-11a1.52 1.52 0 0 1 1.39-1.61l27.69-2h.11a1.51 1.51 0 0 1 1.5 1.4l.82 11a1.52 1.52 0 0 1-.91 1.5l-12.72 5.36a3.79 3.79 0 0 1-1.56.32Z" fill="#ed1256"></path><path fill="#fff" d="M29.43.48a1.26 1.26 0 0 1 1.26 1.17l.82 11a1.27 1.27 0 0 1-.76 1.26L18 19.34a3.72 3.72 0 0 1-1.47.3 3.79 3.79 0 0 1-.94-.12L2.24 16a1.27 1.27 0 0 1-1-1.13l-.81-11a1.26 1.26 0 0 1 1.22-1.33L29.34.48h.09m0-.48h-.13L1.62 2A1.76 1.76 0 0 0 0 3.92l.82 11a1.73 1.73 0 0 0 1.3 1.55L15.5 20a4.3 4.3 0 0 0 1.07.14 4.24 4.24 0 0 0 1.65-.34l12.72-5.44A1.76 1.76 0 0 0 32 12.59l-.82-11A1.76 1.76 0 0 0 29.43 0Z"></path><path fill="#fff" d="M3.74 9.87a3 3 0 0 0 .82.55 2.21 2.21 0 0 0 1.08.19 1.6 1.6 0 0 0 .29 0 1 1 0 0 0 .26-.12.58.58 0 0 0 .18-.2.62.62 0 0 0 0-.31.59.59 0 0 0-.32-.49 3.38 3.38 0 0 0-.85-.34L4.84 9a4.19 4.19 0 0 1-.69-.26 2.44 2.44 0 0 1-.63-.41 1.92 1.92 0 0 1-.7-1.42 2.68 2.68 0 0 1 .1-1A2.2 2.2 0 0 1 3.39 5a2.42 2.42 0 0 1 .82-.6 3.15 3.15 0 0 1 1.17-.28 3.68 3.68 0 0 1 1.72.24 3 3 0 0 1 .57.29A2.66 2.66 0 0 1 8 5l-.82 1.37a4.42 4.42 0 0 0-.82-.45 2 2 0 0 0-.85-.13 1.4 1.4 0 0 0-.28.06A.9.9 0 0 0 5 6a.62.62 0 0 0-.16.2.5.5 0 0 0 0 .28.6.6 0 0 0 .1.31.68.68 0 0 0 .24.2 1.27 1.27 0 0 0 .35.15l.43.13.35.09a7.49 7.49 0 0 1 .69.22 2.2 2.2 0 0 1 .72.42 2.46 2.46 0 0 1 .54.68 2.31 2.31 0 0 1 .27 1 2.15 2.15 0 0 1-.15 1 2.53 2.53 0 0 1-.56.84 2.77 2.77 0 0 1-.88.59 4 4 0 0 1-1.11.27A4.67 4.67 0 0 1 4 12.25a3.79 3.79 0 0 1-1.28-.75ZM11.29 3.89l2.17-.16 3.1 7.7-2 .15L14 10l-2.39.18-.35 1.67-2 .14Zm2.15 4.6-1-2.84-.61 2.95ZM17 3.47l1.89-.14.44 6 3.3-.25.16 1.92-5.19.39ZM23.36 3l5.13-.38.13 1.8-3.24.24.09 1.22 2.66-.2.12 1.7-2.65.2.09 1.35 3.46-.26.13 1.81-5.34.4Z"></path></g></g></svg></div> <!----> <!----> <!----></div></div> <div class="mobile-product-list-cell_left"><div><!----> <img src="data:image/svg+xml;base64,PD94bWwgdmVyc2lvbj0iMS4wIiBlbmNvZGluZz0idXRmLTgiPz4KPCEtLSBHZW5lcmF0ZWQgYnkgSWNvTW9vbi5pbyAtLT4KPCFET0NUWVBFIHN2ZyBQVUJMSUMgIi0vL1czQy8vRFREIFNWRyAxLjEvL0VOIiAiaHR0cDovL3d3dy53My5vcmcvR3JhcGhpY3MvU1ZHLzEuMS9EVEQvc3ZnMTEuZHRkIj4KPHN2ZyB2ZXJzaW9uPSIxLjEiIHhtbG5zPSJodHRwOi8vd3d3LnczLm9yZy8yMDAwL3N2ZyIgeG1sbnM6eGxpbms9Imh0dHA6Ly93d3cudzMub3JnLzE5OTkveGxpbmsiIHdpZHRoPSI0OCIgaGVpZ2h0PSI0OCIgdmlld0JveD0iMCAwIDQ4IDQ4Ij4KPGcgaWQ9Imljb21vb24taWdub3JlIj4KCTxsaW5lIHN0cm9rZS13aWR0aD0iMSIgeDE9IiIgeTE9IiIgeDI9IiIgeTI9IiIgc3Ryb2tlPSIjNDQ5RkRCIiBvcGFjaXR5PSIiPjwvbGluZT4KPC9nPgoJPHBhdGggZD0iTTM4LjQ4IDkuMDcwYzAuMjQ4IDAgMC40NSAwLjIwMiAwLjQ1IDAuNDV2MjguOTU5YzAgMC4yNDgtMC4yMDIgMC40NS0wLjQ1IDAuNDVoLTI4Ljk1OWMtMC4yNDggMC0wLjQ1LTAuMjAyLTAuNDUtMC40NXYtMjguOTU5YzAtMC4yNDggMC4yMDItMC40NSAwLjQ1LTAuNDVoMjguOTU5ek0zOC40OCA4aC0yOC45NTljLTAuODQgMC0xLjUyIDAuNjgxLTEuNTIgMS41MjF2MjguOTU5YzAgMC44NCAwLjY4MSAxLjUyMSAxLjUyIDEuNTIxaDI4Ljk1OWMwLjg0IDAgMS41Mi0wLjY4MSAxLjUyLTEuNTIxdi0yOC45NTljMC0wLjg0LTAuNjgxLTEuNTIxLTEuNTItMS41MjF2MHoiIG9wYWNpdHk9IjEiIHZpc2liaWxpdHk9ImZhbHNlIiBmaWxsPSIjZDdkN2Q3Ij48L3BhdGg+Cgk8cGF0aCBkPSJNMTIuMjI4IDM1LjIyNHYtMy4zMjljMC0wLjE0NSAwLjA1OC0wLjI4NSAwLjE2LTAuMzg4bDUuNTg3LTUuNTg3YzAuMjE0LTAuMjE0IDAuNTYxLTAuMjE0IDAuNzc1IDBsMi4xMTkgMi4xMTljMC4yMTQgMC4yMTQgMC41NjEgMC4yMTQgMC43NzUgMGw4LjE5MS04LjE5MmMwLjIxNC0wLjIxNCAwLjU2MS0wLjIxNCAwLjc3NSAwbDUgNWMwLjEwMyAwLjEwMyAwLjE2IDAuMjQyIDAuMTYgMC4zODh2OS45ODhjMCAwLjMwMy0wLjI0NSAwLjU0OC0wLjU0OCAwLjU0OGgtMjIuNDQ3Yy0wLjMwMyAwLTAuNTQ4LTAuMjQ1LTAuNTQ4LTAuNTQ4eiIgb3BhY2l0eT0iMSIgdmlzaWJpbGl0eT0iZmFsc2UiIGZpbGw9IiNkN2Q3ZDciPjwvcGF0aD4KCTxwYXRoIGQ9Ik0yMS41NDQgMTcuOTY3YzAgMS45ODItMS42MDYgMy41ODgtMy41ODggMy41ODhzLTMuNTg4LTEuNjA2LTMuNTg4LTMuNTg4YzAtMS45ODEgMS42MDYtMy41ODggMy41ODgtMy41ODhzMy41ODggMS42MDYgMy41ODggMy41ODh6IiBvcGFjaXR5PSIxIiB2aXNpYmlsaXR5PSJmYWxzZSIgZmlsbD0iI2Q3ZDdkNyI+PC9wYXRoPgo8L3N2Zz4K" alt="Stop &amp; Shop Ground Beef 80% Lean Value Pack Fresh" skeleton-box-size="9rem" class="product-grid-image object-contain"></div></div> <div class="mobile-product-list-cell_info"><div class="product-tile_detail"><div class="skeleton-loader_wrapper cursor-pointer"><div class="product-grid-cell_price-container product-grid-cell_price-container_column product-grid-cell_price-container--mobile"><span class="product-grid-cell_main-price product-grid-cell_main-price--on-sale"><span class="sr-only">
      Sale Price
    </span>
    $13.27
  </span> <div class="product-grid-cell_was-container"><span class="product-grid-cell_regular-price product-grid-cell_regular-price--small"><span class="sr-only">
        Original Price
      </span>
      $15.02
    </span></div></div> <!----></div> <!----></div> <div class="mobile-product-list-cell_name-content"><div class="skeleton-loader_wrapper"><div class="product-grid-cell_name"><a id="product-name-163208-16761547343728585" href="#" data-opens-modal="true" aria-haspopup="dialog" class="product-grid-cell_name-text product-grid-cell_name-text--clamp-2"><span class="vector-icon_inline-text--left mr-0"><div class="vector-icon-size--xsmall"><svg xmlns="http://www.w3.org/2000/svg" aria-label="Ahold Icon" viewBox="0 0 1024 945" role="presentation" aria-hidden="true" focusable="false" class=""><title lang="en">Ahold Icon</title><desc></desc><g fill="" stroke=""><g><path d="M1.893 730.617c-1.289-2.094-2.052-4.631-2.052-7.346 0-.747.058-1.481.169-2.197.158-12.396 10.227-22.466 22.687-22.634h895.306c12.476.168 22.545 10.237 22.713 22.698-.521 3.721-1.182 6.924-2.024 10.053l.131-.574c-86.363 175.072-263.598 293.385-468.466 293.385S88.254 905.689 3.252 733.663l-1.361-3.046z" fill="#F7A800" class="path1"></path> <path d="M107.889 132.495c1.893-1.893 1.893-3.786 3.786-5.678 2.98-3.491 7.385-5.69 12.303-5.69s9.323 2.199 12.284 5.668l.019.022L613.264 603.8c3.491 2.98 5.69 7.385 5.69 12.303s-2.199 9.323-5.668 12.284c-1.399 1.869-3.361 3.216-5.631 3.789l-.069.015c-38.446 13.732-82.796 21.669-129.001 21.669-108.416 0-206.626-43.699-277.977-114.443C130.241 467.591 86.799 369.1 86.799 260.462c0-45.803 7.722-89.803 21.936-130.767l-.845 2.8z" fill="#E2231A" class="path2"></path> <path d="M600.015 1.893a6.922 6.922 0 0 1 5.713-1.889c.057-.006.164-.007.272-.007 7.15 0 12.947 5.796 12.947 12.947 0 .108-.001.215-.004.322v-.016 503.482c.002.091.004.199.004.306 0 7.15-5.796 12.947-12.947 12.947-.108 0-.215-.001-.322-.004a6.925 6.925 0 0 1-5.665-1.895l.002.002c-98.273-48.542-164.673-148.065-164.673-263.098S501.743 50.434 598.306 2.657l1.709-.765z" fill="#712177" class="path3"></path> <path d="M938.824 283.919c1.893 0 1.893 1.893 3.786 1.893 1.765 2.012 2.841 4.666 2.841 7.571s-1.077 5.559-2.853 7.584l.011-.013-268.776 266.884c-2.012 1.765-4.666 2.841-7.571 2.841s-5.559-1.077-7.584-2.853a3.774 3.774 0 0 1-1.877-3.793l-.002.019c-7.681-21.529-12.12-46.363-12.12-72.235 0-61.263 24.891-116.712 65.111-156.786 39.326-39.792 93.895-64.431 154.219-64.431 26.857 0 52.573 4.884 76.309 13.812l-1.494-.493z" fill="#82BC00" class="path4"></path></g></g></svg></div></span>
    Stop &amp; Shop Ground Beef 80% Lean Value Pack Fresh
  </a></div> <!----> <!----></div> <div class="skeleton-loader_wrapper"><div class="product-grid-cell_sizes"><span class="product-grid-cell_size">
    APX 3.5 LB
  </span> <span aria-hidden="true">
    |
  </span> <!----> <span class="product-grid-cell_unit">
    $3.79 / LB
  </span></div> <!----></div> <!----> <!----> <!----> <!----> <!----> <!----> <!----></div> <div class="mobile-product-list-cell_bottom"><div class="mobile-product-list-cell_bottom_cart-ui-wrapper"><!----> <!----> <div class="pdl-add-to-cart"><div class="pdl-add-to-cart_button"><button aria-label="Add to cart" data-product-id="163208" data-price="13.27" class="button button--add-to-cart add-sale">
      Add to cart
      <!----></button> <!----> <!----> <!----></div> <!----></div></div> <!----></div></div></div> <div class="product-tile_action-items"><!----> <!----> <div class="shopping-list-menu_container"><div class="relative-el"><button aria-label="add to shopping list" class="button pdl-product-detail_top-icon button--fourth pdl-product-detail_top-icon--borderless"><!----> <div class="vector-icon-size--large"><svg xmlns="http://www.w3.org/2000/svg" aria-label="Shopping List Icon Add" viewBox="0 0 32 32" role="presentation" aria-hidden="true" focusable="false" class="vector-icon-color--dark-grey"><title lang="en">Shopping List Icon Add</title><desc></desc><g fill="" stroke=""><g><path d="M21.94066,15.3368884 L21.94066,12.8931995 C21.94066,12.3409148 22.3883752,11.8931995 22.94066,11.8931995 C23.4929447,11.8931995 23.94066,12.3409148 23.94066,12.8931995 L23.94066,15.3368884 L26.2522624,15.3368884 C26.8045471,15.3368884 27.2522624,15.7846037 27.2522624,16.3368884 C27.2522624,16.8891732 26.8045471,17.3368884 26.2522624,17.3368884 L23.94066,17.3368884 L23.94066,19.8787952 C23.94066,20.43108 23.4929447,20.8787952 22.94066,20.8787952 C22.3883752,20.8787952 21.94066,20.43108 21.94066,19.8787952 L21.94066,17.3368884 L19.2666667,17.3368884 C18.7143819,17.3368884 18.2666667,16.8891732 18.2666667,16.3368884 C18.2666667,15.7846037 18.7143819,15.3368884 19.2666667,15.3368884 L21.94066,15.3368884 Z M8,12 C7.44771525,12 7,11.5522847 7,11 C7,10.4477153 7.44771525,10 8,10 L19.1153581,10 C19.6676429,10 20.1153581,10.4477153 20.1153581,11 C20.1153581,11.5522847 19.6676429,12 19.1153581,12 L8,12 Z M8,17.3368884 C7.44771525,17.3368884 7,16.8891732 7,16.3368884 C7,15.7846037 7.44771525,15.3368884 8,15.3368884 L14.7200696,15.3368884 C15.2723543,15.3368884 15.7200696,15.7846037 15.7200696,16.3368884 C15.7200696,16.8891732 15.2723543,17.3368884 14.7200696,17.3368884 L8,17.3368884 Z M8,23 C7.44771525,23 7,22.5522847 7,22 C7,21.4477153 7.44771525,21 8,21 L19.1153581,21 C19.6676429,21 20.1153581,21.4477153 20.1153581,22 C20.1153581,22.5522847 19.6676429,23 19.1153581,23 L8,23 Z" fill="#000000" fill-rule="nonzero"></path></g></g></svg></div> <div class="pdl-product-detail_list-tooltip"><p>Add item to shopping list</p> <em></em></div></button></div></div></div> <!----></li> <!----><!----> <!----> <!----> <!----> <li tabindex="-1" data-product-id="57983" class="slot mobile-product-list-cell"><!----> <!----> <!----> <!----> <div class="mobile-product-list-cell_content"><div><!----> <div class="flag_outer-container"><!----> <!----> <!----> <!----></div></div> <div class="mobile-product-list-cell_left"><div><!----> <img src="data:image/svg+xml;base64,PD94bWwgdmVyc2lvbj0iMS4wIiBlbmNvZGluZz0idXRmLTgiPz4KPCEtLSBHZW5lcmF0ZWQgYnkgSWNvTW9vbi5pbyAtLT4KPCFET0NUWVBFIHN2ZyBQVUJMSUMgIi0vL1czQy8vRFREIFNWRyAxLjEvL0VOIiAiaHR0cDovL3d3dy53My5vcmcvR3JhcGhpY3MvU1ZHLzEuMS9EVEQvc3ZnMTEuZHRkIj4KPHN2ZyB2ZXJzaW9uPSIxLjEiIHhtbG5zPSJodHRwOi8vd3d3LnczLm9yZy8yMDAwL3N2ZyIgeG1sbnM6eGxpbms9Imh0dHA6Ly93d3cudzMub3JnLzE5OTkveGxpbmsiIHdpZHRoPSI0OCIgaGVpZ2h0PSI0OCIgdmlld0JveD0iMCAwIDQ4IDQ4Ij4KPGcgaWQ9Imljb21vb24taWdub3JlIj4KCTxsaW5lIHN0cm9rZS13aWR0aD0iMSIgeDE9IiIgeTE9IiIgeDI9IiIgeTI9IiIgc3Ryb2tlPSIjNDQ5RkRCIiBvcGFjaXR5PSIiPjwvbGluZT4KPC9nPgoJPHBhdGggZD0iTTM4LjQ4IDkuMDcwYzAuMjQ4IDAgMC40NSAwLjIwMiAwLjQ1IDAuNDV2MjguOTU5YzAgMC4yNDgtMC4yMDIgMC40NS0wLjQ1IDAuNDVoLTI4Ljk1OWMtMC4yNDggMC0wLjQ1LTAuMjAyLTAuNDUtMC40NXYtMjguOTU5YzAtMC4yNDggMC4yMDItMC40NSAwLjQ1LTAuNDVoMjguOTU5ek0zOC40OCA4aC0yOC45NTljLTAuODQgMC0xLjUyIDAuNjgxLTEuNTIgMS41MjF2MjguOTU5YzAgMC44NCAwLjY4MSAxLjUyMSAxLjUyIDEuNTIxaDI4Ljk1OWMwLjg0IDAgMS41Mi0wLjY4MSAxLjUyLTEuNTIxdi0yOC45NTljMC0wLjg0LTAuNjgxLTEuNTIxLTEuNTItMS41MjF2MHoiIG9wYWNpdHk9IjEiIHZpc2liaWxpdHk9ImZhbHNlIiBmaWxsPSIjZDdkN2Q3Ij48L3BhdGg+Cgk8cGF0aCBkPSJNMTIuMjI4IDM1LjIyNHYtMy4zMjljMC0wLjE0NSAwLjA1OC0wLjI4NSAwLjE2LTAuMzg4bDUuNTg3LTUuNTg3YzAuMjE0LTAuMjE0IDAuNTYxLTAuMjE0IDAuNzc1IDBsMi4xMTkgMi4xMTljMC4yMTQgMC4yMTQgMC41NjEgMC4yMTQgMC43NzUgMGw4LjE5MS04LjE5MmMwLjIxNC0wLjIxNCAwLjU2MS0wLjIxNCAwLjc3NSAwbDUgNWMwLjEwMyAwLjEwMyAwLjE2IDAuMjQyIDAuMTYgMC4zODh2OS45ODhjMCAwLjMwMy0wLjI0NSAwLjU0OC0wLjU0OCAwLjU0OGgtMjIuNDQ3Yy0wLjMwMyAwLTAuNTQ4LTAuMjQ1LTAuNTQ4LTAuNTQ4eiIgb3BhY2l0eT0iMSIgdmlzaWJpbGl0eT0iZmFsc2UiIGZpbGw9IiNkN2Q3ZDciPjwvcGF0aD4KCTxwYXRoIGQ9Ik0yMS41NDQgMTcuOTY3YzAgMS45ODItMS42MDYgMy41ODgtMy41ODggMy41ODhzLTMuNTg4LTEuNjA2LTMuNTg4LTMuNTg4YzAtMS45ODEgMS42MDYtMy41ODggMy41ODgtMy41ODhzMy41ODggMS42MDYgMy41ODggMy41ODh6IiBvcGFjaXR5PSIxIiB2aXNpYmlsaXR5PSJmYWxzZSIgZmlsbD0iI2Q3ZDdkNyI+PC9wYXRoPgo8L3N2Zz4K" alt="Stop &amp; Shop Ground Beef 90% Lean Fresh" skeleton-box-size="9rem" class="product-grid-image object-contain"></div></div> <div class="mobile-product-list-cell_info"><div class="product-tile_detail"><div class="skeleton-loader_wrapper cursor-pointer"><div class="product-grid-cell_price-container product-grid-cell_price-container--mobile"><span class="product-grid-cell_main-price"><!---->
    $6.92
  </span> <!----></div> <!----></div> <!----></div> <div class="mobile-product-list-cell_name-content"><div class="skeleton-loader_wrapper"><div class="product-grid-cell_name"><a id="product-name-57983-16761547343756006" href="#" data-opens-modal="true" aria-haspopup="dialog" class="product-grid-cell_name-text product-grid-cell_name-text--clamp-2"><span class="vector-icon_inline-text--left mr-0"><div class="vector-icon-size--xsmall"><svg xmlns="http://www.w3.org/2000/svg" aria-label="Ahold Icon" viewBox="0 0 1024 945" role="presentation" aria-hidden="true" focusable="false" class=""><title lang="en">Ahold Icon</title><desc></desc><g fill="" stroke=""><g><path d="M1.893 730.617c-1.289-2.094-2.052-4.631-2.052-7.346 0-.747.058-1.481.169-2.197.158-12.396 10.227-22.466 22.687-22.634h895.306c12.476.168 22.545 10.237 22.713 22.698-.521 3.721-1.182 6.924-2.024 10.053l.131-.574c-86.363 175.072-263.598 293.385-468.466 293.385S88.254 905.689 3.252 733.663l-1.361-3.046z" fill="#F7A800" class="path1"></path> <path d="M107.889 132.495c1.893-1.893 1.893-3.786 3.786-5.678 2.98-3.491 7.385-5.69 12.303-5.69s9.323 2.199 12.284 5.668l.019.022L613.264 603.8c3.491 2.98 5.69 7.385 5.69 12.303s-2.199 9.323-5.668 12.284c-1.399 1.869-3.361 3.216-5.631 3.789l-.069.015c-38.446 13.732-82.796 21.669-129.001 21.669-108.416 0-206.626-43.699-277.977-114.443C130.241 467.591 86.799 369.1 86.799 260.462c0-45.803 7.722-89.803 21.936-130.767l-.845 2.8z" fill="#E2231A" class="path2"></path> <path d="M600.015 1.893a6.922 6.922 0 0 1 5.713-1.889c.057-.006.164-.007.272-.007 7.15 0 12.947 5.796 12.947 12.947 0 .108-.001.215-.004.322v-.016 503.482c.002.091.004.199.004.306 0 7.15-5.796 12.947-12.947 12.947-.108 0-.215-.001-.322-.004a6.925 6.925 0 0 1-5.665-1.895l.002.002c-98.273-48.542-164.673-148.065-164.673-263.098S501.743 50.434 598.306 2.657l1.709-.765z" fill="#712177" class="path3"></path> <path d="M938.824 283.919c1.893 0 1.893 1.893 3.786 1.893 1.765 2.012 2.841 4.666 2.841 7.571s-1.077 5.559-2.853 7.584l.011-.013-268.776 266.884c-2.012 1.765-4.666 2.841-7.571 2.841s-5.559-1.077-7.584-2.853a3.774 3.774 0 0 1-1.877-3.793l-.002.019c-7.681-21.529-12.12-46.363-12.12-72.235 0-61.263 24.891-116.712 65.111-156.786 39.326-39.792 93.895-64.431 154.219-64.431 26.857 0 52.573 4.884 76.309 13.812l-1.494-.493z" fill="#82BC00" class="path4"></path></g></g></svg></div></span>
    Stop &amp; Shop Ground Beef 90% Lean Fresh
  </a></div> <!----> <!----></div> <div class="skeleton-loader_wrapper"><div class="product-grid-cell_sizes"><span class="product-grid-cell_size">
    APX 1.1 LB
  </span> <span aria-hidden="true">
    |
  </span> <!----> <span class="product-grid-cell_unit">
    $6.29 / LB
  </span></div> <!----></div> <!----> <!----> <!----> <!----> <!----> <!----> <!----></div> <div class="mobile-product-list-cell_bottom"><div class="mobile-product-list-cell_bottom_cart-ui-wrapper"><!----> <!----> <div class="pdl-add-to-cart"><div class="pdl-add-to-cart_button"><button aria-label="Add to cart" data-product-id="57983" data-price="6.92" class="button button--add-to-cart">
      Add to cart
      <!----></button> <!----> <!----> <!----></div> <!----></div></div> <!----></div></div></div> <div class="product-tile_action-items"><!----> <!----> <div class="shopping-list-menu_container"><div class="relative-el"><button aria-label="add to shopping list" class="button pdl-product-detail_top-icon button--fourth pdl-product-detail_top-icon--borderless"><!----> <div class="vector-icon-size--large"><svg xmlns="http://www.w3.org/2000/svg" aria-label="Shopping List Icon Add" viewBox="0 0 32 32" role="presentation" aria-hidden="true" focusable="false" class="vector-icon-color--dark-grey"><title lang="en">Shopping List Icon Add</title><desc></desc><g fill="" stroke=""><g><path d="M21.94066,15.3368884 L21.94066,12.8931995 C21.94066,12.3409148 22.3883752,11.8931995 22.94066,11.8931995 C23.4929447,11.8931995 23.94066,12.3409148 23.94066,12.8931995 L23.94066,15.3368884 L26.2522624,15.3368884 C26.8045471,15.3368884 27.2522624,15.7846037 27.2522624,16.3368884 C27.2522624,16.8891732 26.8045471,17.3368884 26.2522624,17.3368884 L23.94066,17.3368884 L23.94066,19.8787952 C23.94066,20.43108 23.4929447,20.8787952 22.94066,20.8787952 C22.3883752,20.8787952 21.94066,20.43108 21.94066,19.8787952 L21.94066,17.3368884 L19.2666667,17.3368884 C18.7143819,17.3368884 18.2666667,16.8891732 18.2666667,16.3368884 C18.2666667,15.7846037 18.7143819,15.3368884 19.2666667,15.3368884 L21.94066,15.3368884 Z M8,12 C7.44771525,12 7,11.5522847 7,11 C7,10.4477153 7.44771525,10 8,10 L19.1153581,10 C19.6676429,10 20.1153581,10.4477153 20.1153581,11 C20.1153581,11.5522847 19.6676429,12 19.1153581,12 L8,12 Z M8,17.3368884 C7.44771525,17.3368884 7,16.8891732 7,16.3368884 C7,15.7846037 7.44771525,15.3368884 8,15.3368884 L14.7200696,15.3368884 C15.2723543,15.3368884 15.7200696,15.7846037 15.7200696,16.3368884 C15.7200696,16.8891732 15.2723543,17.3368884 14.7200696,17.3368884 L8,17.3368884 Z M8,23 C7.44771525,23 7,22.5522847 7,22 C7,21.4477153 7.44771525,21 8,21 L19.1153581,21 C19.6676429,21 20.1153581,21.4477153 20.1153581,22 C20.1153581,22.5522847 19.6676429,23 19.1153581,23 L8,23 Z" fill="#000000" fill-rule="nonzero"></path></g></g></svg></div> <div class="pdl-product-detail_list-tooltip"><p>Add item to shopping list</p> <em></em></div></button></div></div></div> <!----></li> <!----><!----> <!----> <!----> <!----> <li tabindex="-1" data-product-id="56409" class="slot mobile-product-list-cell"><!----> <!----> <!----> <!----> <div class="mobile-product-list-cell_content"><div><!----> <div class="flag_outer-container"><div class=""><svg xmlns="http://www.w3.org/2000/svg" aria-label="Sale" viewBox="0 0 32 32" role="presentation" aria-hidden="true" focusable="false" class="w-20 ml-3"><title lang="en">Sale</title><desc></desc><g fill="" stroke=""><g><path d="M16.56 19.87a3.81 3.81 0 0 1-1-.13l-13.39-3.5a1.5 1.5 0 0 1-1.12-1.34l-.81-11a1.52 1.52 0 0 1 1.39-1.61l27.69-2h.11a1.51 1.51 0 0 1 1.5 1.4l.82 11a1.52 1.52 0 0 1-.91 1.5l-12.72 5.36a3.79 3.79 0 0 1-1.56.32Z" fill="#ed1256"></path><path fill="#fff" d="M29.43.48a1.26 1.26 0 0 1 1.26 1.17l.82 11a1.27 1.27 0 0 1-.76 1.26L18 19.34a3.72 3.72 0 0 1-1.47.3 3.79 3.79 0 0 1-.94-.12L2.24 16a1.27 1.27 0 0 1-1-1.13l-.81-11a1.26 1.26 0 0 1 1.22-1.33L29.34.48h.09m0-.48h-.13L1.62 2A1.76 1.76 0 0 0 0 3.92l.82 11a1.73 1.73 0 0 0 1.3 1.55L15.5 20a4.3 4.3 0 0 0 1.07.14 4.24 4.24 0 0 0 1.65-.34l12.72-5.44A1.76 1.76 0 0 0 32 12.59l-.82-11A1.76 1.76 0 0 0 29.43 0Z"></path><path fill="#fff" d="M3.74 9.87a3 3 0 0 0 .82.55 2.21 2.21 0 0 0 1.08.19 1.6 1.6 0 0 0 .29 0 1 1 0 0 0 .26-.12.58.58 0 0 0 .18-.2.62.62 0 0 0 0-.31.59.59 0 0 0-.32-.49 3.38 3.38 0 0 0-.85-.34L4.84 9a4.19 4.19 0 0 1-.69-.26 2.44 2.44 0 0 1-.63-.41 1.92 1.92 0 0 1-.7-1.42 2.68 2.68 0 0 1 .1-1A2.2 2.2 0 0 1 3.39 5a2.42 2.42 0 0 1 .82-.6 3.15 3.15 0 0 1 1.17-.28 3.68 3.68 0 0 1 1.72.24 3 3 0 0 1 .57.29A2.66 2.66 0 0 1 8 5l-.82 1.37a4.42 4.42 0 0 0-.82-.45 2 2 0 0 0-.85-.13 1.4 1.4 0 0 0-.28.06A.9.9 0 0 0 5 6a.62.62 0 0 0-.16.2.5.5 0 0 0 0 .28.6.6 0 0 0 .1.31.68.68 0 0 0 .24.2 1.27 1.27 0 0 0 .35.15l.43.13.35.09a7.49 7.49 0 0 1 .69.22 2.2 2.2 0 0 1 .72.42 2.46 2.46 0 0 1 .54.68 2.31 2.31 0 0 1 .27 1 2.15 2.15 0 0 1-.15 1 2.53 2.53 0 0 1-.56.84 2.77 2.77 0 0 1-.88.59 4 4 0 0 1-1.11.27A4.67 4.67 0 0 1 4 12.25a3.79 3.79 0 0 1-1.28-.75ZM11.29 3.89l2.17-.16 3.1 7.7-2 .15L14 10l-2.39.18-.35 1.67-2 .14Zm2.15 4.6-1-2.84-.61 2.95ZM17 3.47l1.89-.14.44 6 3.3-.25.16 1.92-5.19.39ZM23.36 3l5.13-.38.13 1.8-3.24.24.09 1.22 2.66-.2.12 1.7-2.65.2.09 1.35 3.46-.26.13 1.81-5.34.4Z"></path></g></g></svg></div> <!----> <!----> <!----></div></div> <div class="mobile-product-list-cell_left"><div><!----> <img src="data:image/svg+xml;base64,PD94bWwgdmVyc2lvbj0iMS4wIiBlbmNvZGluZz0idXRmLTgiPz4KPCEtLSBHZW5lcmF0ZWQgYnkgSWNvTW9vbi5pbyAtLT4KPCFET0NUWVBFIHN2ZyBQVUJMSUMgIi0vL1czQy8vRFREIFNWRyAxLjEvL0VOIiAiaHR0cDovL3d3dy53My5vcmcvR3JhcGhpY3MvU1ZHLzEuMS9EVEQvc3ZnMTEuZHRkIj4KPHN2ZyB2ZXJzaW9uPSIxLjEiIHhtbG5zPSJodHRwOi8vd3d3LnczLm9yZy8yMDAwL3N2ZyIgeG1sbnM6eGxpbms9Imh0dHA6Ly93d3cudzMub3JnLzE5OTkveGxpbmsiIHdpZHRoPSI0OCIgaGVpZ2h0PSI0OCIgdmlld0JveD0iMCAwIDQ4IDQ4Ij4KPGcgaWQ9Imljb21vb24taWdub3JlIj4KCTxsaW5lIHN0cm9rZS13aWR0aD0iMSIgeDE9IiIgeTE9IiIgeDI9IiIgeTI9IiIgc3Ryb2tlPSIjNDQ5RkRCIiBvcGFjaXR5PSIiPjwvbGluZT4KPC9nPgoJPHBhdGggZD0iTTM4LjQ4IDkuMDcwYzAuMjQ4IDAgMC40NSAwLjIwMiAwLjQ1IDAuNDV2MjguOTU5YzAgMC4yNDgtMC4yMDIgMC40NS0wLjQ1IDAuNDVoLTI4Ljk1OWMtMC4yNDggMC0wLjQ1LTAuMjAyLTAuNDUtMC40NXYtMjguOTU5YzAtMC4yNDggMC4yMDItMC40NSAwLjQ1LTAuNDVoMjguOTU5ek0zOC40OCA4aC0yOC45NTljLTAuODQgMC0xLjUyIDAuNjgxLTEuNTIgMS41MjF2MjguOTU5YzAgMC44NCAwLjY4MSAxLjUyMSAxLjUyIDEuNTIxaDI4Ljk1OWMwLjg0IDAgMS41Mi0wLjY4MSAxLjUyLTEuNTIxdi0yOC45NTljMC0wLjg0LTAuNjgxLTEuNTIxLTEuNTItMS41MjF2MHoiIG9wYWNpdHk9IjEiIHZpc2liaWxpdHk9ImZhbHNlIiBmaWxsPSIjZDdkN2Q3Ij48L3BhdGg+Cgk8cGF0aCBkPSJNMTIuMjI4IDM1LjIyNHYtMy4zMjljMC0wLjE0NSAwLjA1OC0wLjI4NSAwLjE2LTAuMzg4bDUuNTg3LTUuNTg3YzAuMjE0LTAuMjE0IDAuNTYxLTAuMjE0IDAuNzc1IDBsMi4xMTkgMi4xMTljMC4yMTQgMC4yMTQgMC41NjEgMC4yMTQgMC43NzUgMGw4LjE5MS04LjE5MmMwLjIxNC0wLjIxNCAwLjU2MS0wLjIxNCAwLjc3NSAwbDUgNWMwLjEwMyAwLjEwMyAwLjE2IDAuMjQyIDAuMTYgMC4zODh2OS45ODhjMCAwLjMwMy0wLjI0NSAwLjU0OC0wLjU0OCAwLjU0OGgtMjIuNDQ3Yy0wLjMwMyAwLTAuNTQ4LTAuMjQ1LTAuNTQ4LTAuNTQ4eiIgb3BhY2l0eT0iMSIgdmlzaWJpbGl0eT0iZmFsc2UiIGZpbGw9IiNkN2Q3ZDciPjwvcGF0aD4KCTxwYXRoIGQ9Ik0yMS41NDQgMTcuOTY3YzAgMS45ODItMS42MDYgMy41ODgtMy41ODggMy41ODhzLTMuNTg4LTEuNjA2LTMuNTg4LTMuNTg4YzAtMS45ODEgMS42MDYtMy41ODggMy41ODgtMy41ODhzMy41ODggMS42MDYgMy41ODggMy41ODh6IiBvcGFjaXR5PSIxIiB2aXNpYmlsaXR5PSJmYWxzZSIgZmlsbD0iI2Q3ZDdkNyI+PC9wYXRoPgo8L3N2Zz4K" alt="Stop &amp; Shop Black Beans" skeleton-box-size="9rem" class="product-grid-image object-contain"></div></div> <div class="mobile-product-list-cell_info"><div class="product-tile_detail"><div class="skeleton-loader_wrapper cursor-pointer"><div class="product-grid-cell_price-container product-grid-cell_price-container_column product-grid-cell_price-container--mobile"><span class="product-grid-cell_main-price product-grid-cell_main-price--on-sale"><span class="sr-only">
      Sale Price
    </span>
    $0.88
  </span> <div class="product-grid-cell_was-container"><span class="product-grid-cell_regular-price product-grid-cell_regular-price--small"><span class="sr-only">
        Original Price
      </span>
      $1.09
    </span></div></div> <!----></div> <!----></div> <div class="mobile-product-list-cell_name-content"><div class="skeleton-loader_wrapper"><div class="product-grid-cell_name"><a id="product-name-56409-16761547343784691" href="#" data-opens-modal="true" aria-haspopup="dialog" class="product-grid-cell_name-text product-grid-cell_name-text--clamp-2"><span class="vector-icon_inline-text--left mr-0"><div class="vector-icon-size--xsmall"><svg xmlns="http://www.w3.org/2000/svg" aria-label="Ahold Icon" viewBox="0 0 1024 945" role="presentation" aria-hidden="true" focusable="false" class=""><title lang="en">Ahold Icon</title><desc></desc><g fill="" stroke=""><g><path d="M1.893 730.617c-1.289-2.094-2.052-4.631-2.052-7.346 0-.747.058-1.481.169-2.197.158-12.396 10.227-22.466 22.687-22.634h895.306c12.476.168 22.545 10.237 22.713 22.698-.521 3.721-1.182 6.924-2.024 10.053l.131-.574c-86.363 175.072-263.598 293.385-468.466 293.385S88.254 905.689 3.252 733.663l-1.361-3.046z" fill="#F7A800" class="path1"></path> <path d="M107.889 132.495c1.893-1.893 1.893-3.786 3.786-5.678 2.98-3.491 7.385-5.69 12.303-5.69s9.323 2.199 12.284 5.668l.019.022L613.264 603.8c3.491 2.98 5.69 7.385 5.69 12.303s-2.199 9.323-5.668 12.284c-1.399 1.869-3.361 3.216-5.631 3.789l-.069.015c-38.446 13.732-82.796 21.669-129.001 21.669-108.416 0-206.626-43.699-277.977-114.443C130.241 467.591 86.799 369.1 86.799 260.462c0-45.803 7.722-89.803 21.936-130.767l-.845 2.8z" fill="#E2231A" class="path2"></path> <path d="M600.015 1.893a6.922 6.922 0 0 1 5.713-1.889c.057-.006.164-.007.272-.007 7.15 0 12.947 5.796 12.947 12.947 0 .108-.001.215-.004.322v-.016 503.482c.002.091.004.199.004.306 0 7.15-5.796 12.947-12.947 12.947-.108 0-.215-.001-.322-.004a6.925 6.925 0 0 1-5.665-1.895l.002.002c-98.273-48.542-164.673-148.065-164.673-263.098S501.743 50.434 598.306 2.657l1.709-.765z" fill="#712177" class="path3"></path> <path d="M938.824 283.919c1.893 0 1.893 1.893 3.786 1.893 1.765 2.012 2.841 4.666 2.841 7.571s-1.077 5.559-2.853 7.584l.011-.013-268.776 266.884c-2.012 1.765-4.666 2.841-7.571 2.841s-5.559-1.077-7.584-2.853a3.774 3.774 0 0 1-1.877-3.793l-.002.019c-7.681-21.529-12.12-46.363-12.12-72.235 0-61.263 24.891-116.712 65.111-156.786 39.326-39.792 93.895-64.431 154.219-64.431 26.857 0 52.573 4.884 76.309 13.812l-1.494-.493z" fill="#82BC00" class="path4"></path></g></g></svg></div></span>
    Stop &amp; Shop Black Beans
  </a></div> <!----> <!----></div> <div class="skeleton-loader_wrapper"><div class="product-grid-cell_sizes"><span class="product-grid-cell_size">
    15.5 OZ CAN
  </span> <span aria-hidden="true">
    |
  </span> <!----> <span class="product-grid-cell_unit">
    $0.06 / OZ
  </span></div> <!----></div> <!----> <!----> <!----> <!----> <!----> <!----> <!----></div> <div class="mobile-product-list-cell_bottom"><div class="mobile-product-list-cell_bottom_cart-ui-wrapper"><!----> <!----> <div class="pdl-add-to-cart"><div class="pdl-add-to-cart_button"><button aria-label="Add to cart" data-product-id="56409" data-price="0.88" class="button button--add-to-cart add-sale">
      Add to cart
      <!----></button> <!----> <!----> <!----></div> <!----></div></div> <!----></div></div></div> <div class="product-tile_action-items"><!----> <!----> <div class="shopping-list-menu_container"><div class="relative-el"><button aria-label="add to shopping list" class="button pdl-product-detail_top-icon button--fourth pdl-product-detail_top-icon--borderless"><!----> <div class="vector-icon-size--large"><svg xmlns="http://www.w3.org/2000/svg" aria-label="Shopping List Icon Add" viewBox="0 0 32 32" role="presentation" aria-hidden="true" focusable="false" class="vector-icon-color--dark-grey"><title lang="en">Shopping List Icon Add</title><desc></desc><g fill="" stroke=""><g><path d="M21.94066,15.3368884 L21.94066,12.8931995 C21.94066,12.3409148 22.3883752,11.8931995 22.94066,11.8931995 C23.4929447,11.8931995 23.94066,12.3409148 23.94066,12.8931995 L23.94066,15.3368884 L26.2522624,15.3368884 C26.8045471,15.3368884 27.2522624,15.7846037 27.2522624,16.3368884 C27.2522624,16.8891732 26.8045471,17.3368884 26.2522624,17.3368884 L23.94066,17.3368884 L23.94066,19.8787952 C23.94066,20.43108 23.4929447,20.8787952 22.94066,20.8787952 C22.3883752,20.8787952 21.94066,20.43108 21.94066,19.8787952 L21.94066,17.3368884 L19.2666667,17.3368884 C18.7143819,17.3368884 18.2666667,16.8891732 18.2666667,16.3368884 C18.2666667,15.7846037 18.7143819,15.3368884 19.2666667,15.3368884 L21.94066,15.3368884 Z M8,12 C7.44771525,12 7,11.5522847 7,11 C7,10.4477153 7.44771525,10 8,10 L19.1153581,10 C19.6676429,10 20.1153581,10.4477153 20.1153581,11 C20.1153581,11.5522847 19.6676429,12 19.1153581,12 L8,12 Z M8,17.3368884 C7.44771525,17.3368884 7,16.8891732 7,16.3368884 C7,15.7846037 7.44771525,15.3368884 8,15.3368884 L14.7200696,15.3368884 C15.2723543,15.3368884 15.7200696,15.7846037 15.7200696,16.3368884 C15.7200696,16.8891732 15.2723543,17.3368884 14.7200696,17.3368884 L8,17.3368884 Z M8,23 C7.44771525,23 7,22.5522847 7,22 C7,21.4477153 7.44771525,21 8,21 L19.1153581,21 C19.6676429,21 20.1153581,21.4477153 20.1153581,22 C20.1153581,22.5522847 19.6676429,23 19.1153581,23 L8,23 Z" fill="#000000" fill-rule="nonzero"></path></g></g></svg></div> <div class="pdl-product-detail_list-tooltip"><p>Add item to shopping list</p> <em></em></div></button></div></div></div> <!----></li> <!----><!----> <!----> <!----> <!----> <li tabindex="-1" data-product-id="151854" class="slot mobile-product-list-cell"><!----> <!----> <!----> <!----> <div class="mobile-product-list-cell_content"><div><!----> <div class="flag_outer-container"><!----> <!----> <!----> <!----></div></div> <div class="mobile-product-list-cell_left"><div><!----> <img src="data:image/svg+xml;base64,PD94bWwgdmVyc2lvbj0iMS4wIiBlbmNvZGluZz0idXRmLTgiPz4KPCEtLSBHZW5lcmF0ZWQgYnkgSWNvTW9vbi5pbyAtLT4KPCFET0NUWVBFIHN2ZyBQVUJMSUMgIi0vL1czQy8vRFREIFNWRyAxLjEvL0VOIiAiaHR0cDovL3d3dy53My5vcmcvR3JhcGhpY3MvU1ZHLzEuMS9EVEQvc3ZnMTEuZHRkIj4KPHN2ZyB2ZXJzaW9uPSIxLjEiIHhtbG5zPSJodHRwOi8vd3d3LnczLm9yZy8yMDAwL3N2ZyIgeG1sbnM6eGxpbms9Imh0dHA6Ly93d3cudzMub3JnLzE5OTkveGxpbmsiIHdpZHRoPSI0OCIgaGVpZ2h0PSI0OCIgdmlld0JveD0iMCAwIDQ4IDQ4Ij4KPGcgaWQ9Imljb21vb24taWdub3JlIj4KCTxsaW5lIHN0cm9rZS13aWR0aD0iMSIgeDE9IiIgeTE9IiIgeDI9IiIgeTI9IiIgc3Ryb2tlPSIjNDQ5RkRCIiBvcGFjaXR5PSIiPjwvbGluZT4KPC9nPgoJPHBhdGggZD0iTTM4LjQ4IDkuMDcwYzAuMjQ4IDAgMC40NSAwLjIwMiAwLjQ1IDAuNDV2MjguOTU5YzAgMC4yNDgtMC4yMDIgMC40NS0wLjQ1IDAuNDVoLTI4Ljk1OWMtMC4yNDggMC0wLjQ1LTAuMjAyLTAuNDUtMC40NXYtMjguOTU5YzAtMC4yNDggMC4yMDItMC40NSAwLjQ1LTAuNDVoMjguOTU5ek0zOC40OCA4aC0yOC45NTljLTAuODQgMC0xLjUyIDAuNjgxLTEuNTIgMS41MjF2MjguOTU5YzAgMC44NCAwLjY4MSAxLjUyMSAxLjUyIDEuNTIxaDI4Ljk1OWMwLjg0IDAgMS41Mi0wLjY4MSAxLjUyLTEuNTIxdi0yOC45NTljMC0wLjg0LTAuNjgxLTEuNTIxLTEuNTItMS41MjF2MHoiIG9wYWNpdHk9IjEiIHZpc2liaWxpdHk9ImZhbHNlIiBmaWxsPSIjZDdkN2Q3Ij48L3BhdGg+Cgk8cGF0aCBkPSJNMTIuMjI4IDM1LjIyNHYtMy4zMjljMC0wLjE0NSAwLjA1OC0wLjI4NSAwLjE2LTAuMzg4bDUuNTg3LTUuNTg3YzAuMjE0LTAuMjE0IDAuNTYxLTAuMjE0IDAuNzc1IDBsMi4xMTkgMi4xMTljMC4yMTQgMC4yMTQgMC41NjEgMC4yMTQgMC43NzUgMGw4LjE5MS04LjE5MmMwLjIxNC0wLjIxNCAwLjU2MS0wLjIxNCAwLjc3NSAwbDUgNWMwLjEwMyAwLjEwMyAwLjE2IDAuMjQyIDAuMTYgMC4zODh2OS45ODhjMCAwLjMwMy0wLjI0NSAwLjU0OC0wLjU0OCAwLjU0OGgtMjIuNDQ3Yy0wLjMwMyAwLTAuNTQ4LTAuMjQ1LTAuNTQ4LTAuNTQ4eiIgb3BhY2l0eT0iMSIgdmlzaWJpbGl0eT0iZmFsc2UiIGZpbGw9IiNkN2Q3ZDciPjwvcGF0aD4KCTxwYXRoIGQ9Ik0yMS41NDQgMTcuOTY3YzAgMS45ODItMS42MDYgMy41ODgtMy41ODggMy41ODhzLTMuNTg4LTEuNjA2LTMuNTg4LTMuNTg4YzAtMS45ODEgMS42MDYtMy41ODggMy41ODgtMy41ODhzMy41ODggMS42MDYgMy41ODggMy41ODh6IiBvcGFjaXR5PSIxIiB2aXNpYmlsaXR5PSJmYWxzZSIgZmlsbD0iI2Q3ZDdkNyI+PC9wYXRoPgo8L3N2Zz4K" alt="Butcher's Cut Choice Beef NY Strip Steak Boneless 3/4 Inch Vacuum Sealed" skeleton-box-size="9rem" class="product-grid-image object-contain"></div></div> <div class="mobile-product-list-cell_info"><div class="product-tile_detail"><div class="skeleton-loader_wrapper cursor-pointer"><div class="product-grid-cell_price-container product-grid-cell_price-container--mobile"><span class="product-grid-cell_main-price"><!---->
    $9.89
  </span> <!----></div> <!----></div> <!----></div> <div class="mobile-product-list-cell_name-content"><div class="skeleton-loader_wrapper"><div class="product-grid-cell_name"><a id="product-name-151854-16761547343827415" href="#" data-opens-modal="true" aria-haspopup="dialog" class="product-grid-cell_name-text product-grid-cell_name-text--clamp-2"><!---->
    Butcher's Cut Choice Beef NY Strip Steak Boneless 3/4 Inch Vacuum Sealed
  </a></div> <!----> <!----></div> <div class="skeleton-loader_wrapper"><div class="product-grid-cell_sizes"><span class="product-grid-cell_size">
    APX 2/3 LB
  </span> <span aria-hidden="true">
    |
  </span> <!----> <span class="product-grid-cell_unit">
    $14.99 / LB
  </span></div> <!----></div> <!----> <!----> <!----> <!----> <!----> <!----> <!----></div> <div class="mobile-product-list-cell_bottom"><div class="mobile-product-list-cell_bottom_cart-ui-wrapper"><!----> <!----> <div class="pdl-add-to-cart"><div class="pdl-add-to-cart_button"><button aria-label="Add to cart" data-product-id="151854" data-price="9.89" class="button button--add-to-cart">
      Add to cart
      <!----></button> <!----> <!----> <!----></div> <!----></div></div> <!----></div></div></div> <div class="product-tile_action-items"><!----> <!----> <div class="shopping-list-menu_container"><div class="relative-el"><button aria-label="add to shopping list" class="button pdl-product-detail_top-icon button--fourth pdl-product-detail_top-icon--borderless"><!----> <div class="vector-icon-size--large"><svg xmlns="http://www.w3.org/2000/svg" aria-label="Shopping List Icon Add" viewBox="0 0 32 32" role="presentation" aria-hidden="true" focusable="false" class="vector-icon-color--dark-grey"><title lang="en">Shopping List Icon Add</title><desc></desc><g fill="" stroke=""><g><path d="M21.94066,15.3368884 L21.94066,12.8931995 C21.94066,12.3409148 22.3883752,11.8931995 22.94066,11.8931995 C23.4929447,11.8931995 23.94066,12.3409148 23.94066,12.8931995 L23.94066,15.3368884 L26.2522624,15.3368884 C26.8045471,15.3368884 27.2522624,15.7846037 27.2522624,16.3368884 C27.2522624,16.8891732 26.8045471,17.3368884 26.2522624,17.3368884 L23.94066,17.3368884 L23.94066,19.8787952 C23.94066,20.43108 23.4929447,20.8787952 22.94066,20.8787952 C22.3883752,20.8787952 21.94066,20.43108 21.94066,19.8787952 L21.94066,17.3368884 L19.2666667,17.3368884 C18.7143819,17.3368884 18.2666667,16.8891732 18.2666667,16.3368884 C18.2666667,15.7846037 18.7143819,15.3368884 19.2666667,15.3368884 L21.94066,15.3368884 Z M8,12 C7.44771525,12 7,11.5522847 7,11 C7,10.4477153 7.44771525,10 8,10 L19.1153581,10 C19.6676429,10 20.1153581,10.4477153 20.1153581,11 C20.1153581,11.5522847 19.6676429,12 19.1153581,12 L8,12 Z M8,17.3368884 C7.44771525,17.3368884 7,16.8891732 7,16.3368884 C7,15.7846037 7.44771525,15.3368884 8,15.3368884 L14.7200696,15.3368884 C15.2723543,15.3368884 15.7200696,15.7846037 15.7200696,16.3368884 C15.7200696,16.8891732 15.2723543,17.3368884 14.7200696,17.3368884 L8,17.3368884 Z M8,23 C7.44771525,23 7,22.5522847 7,22 C7,21.4477153 7.44771525,21 8,21 L19.1153581,21 C19.6676429,21 20.1153581,21.4477153 20.1153581,22 C20.1153581,22.5522847 19.6676429,23 19.1153581,23 L8,23 Z" fill="#000000" fill-rule="nonzero"></path></g></g></svg></div> <div class="pdl-product-detail_list-tooltip"><p>Add item to shopping list</p> <em></em></div></button></div></div></div> <!----></li> <!----><!----> <!----> <!----> <!----> <li tabindex="-1" data-product-id="301921" class="slot mobile-product-list-cell"><!----> <!----> <!----> <!----> <div class="mobile-product-list-cell_content"><div><!----> <div class="flag_outer-container"><div class=""><svg xmlns="http://www.w3.org/2000/svg" aria-label="Sale" viewBox="0 0 32 32" role="presentation" aria-hidden="true" focusable="false" class="w-20 ml-3"><title lang="en">Sale</title><desc></desc><g fill="" stroke=""><g><path d="M16.56 19.87a3.81 3.81 0 0 1-1-.13l-13.39-3.5a1.5 1.5 0 0 1-1.12-1.34l-.81-11a1.52 1.52 0 0 1 1.39-1.61l27.69-2h.11a1.51 1.51 0 0 1 1.5 1.4l.82 11a1.52 1.52 0 0 1-.91 1.5l-12.72 5.36a3.79 3.79 0 0 1-1.56.32Z" fill="#ed1256"></path><path fill="#fff" d="M29.43.48a1.26 1.26 0 0 1 1.26 1.17l.82 11a1.27 1.27 0 0 1-.76 1.26L18 19.34a3.72 3.72 0 0 1-1.47.3 3.79 3.79 0 0 1-.94-.12L2.24 16a1.27 1.27 0 0 1-1-1.13l-.81-11a1.26 1.26 0 0 1 1.22-1.33L29.34.48h.09m0-.48h-.13L1.62 2A1.76 1.76 0 0 0 0 3.92l.82 11a1.73 1.73 0 0 0 1.3 1.55L15.5 20a4.3 4.3 0 0 0 1.07.14 4.24 4.24 0 0 0 1.65-.34l12.72-5.44A1.76 1.76 0 0 0 32 12.59l-.82-11A1.76 1.76 0 0 0 29.43 0Z"></path><path fill="#fff" d="M3.74 9.87a3 3 0 0 0 .82.55 2.21 2.21 0 0 0 1.08.19 1.6 1.6 0 0 0 .29 0 1 1 0 0 0 .26-.12.58.58 0 0 0 .18-.2.62.62 0 0 0 0-.31.59.59 0 0 0-.32-.49 3.38 3.38 0 0 0-.85-.34L4.84 9a4.19 4.19 0 0 1-.69-.26 2.44 2.44 0 0 1-.63-.41 1.92 1.92 0 0 1-.7-1.42 2.68 2.68 0 0 1 .1-1A2.2 2.2 0 0 1 3.39 5a2.42 2.42 0 0 1 .82-.6 3.15 3.15 0 0 1 1.17-.28 3.68 3.68 0 0 1 1.72.24 3 3 0 0 1 .57.29A2.66 2.66 0 0 1 8 5l-.82 1.37a4.42 4.42 0 0 0-.82-.45 2 2 0 0 0-.85-.13 1.4 1.4 0 0 0-.28.06A.9.9 0 0 0 5 6a.62.62 0 0 0-.16.2.5.5 0 0 0 0 .28.6.6 0 0 0 .1.31.68.68 0 0 0 .24.2 1.27 1.27 0 0 0 .35.15l.43.13.35.09a7.49 7.49 0 0 1 .69.22 2.2 2.2 0 0 1 .72.42 2.46 2.46 0 0 1 .54.68 2.31 2.31 0 0 1 .27 1 2.15 2.15 0 0 1-.15 1 2.53 2.53 0 0 1-.56.84 2.77 2.77 0 0 1-.88.59 4 4 0 0 1-1.11.27A4.67 4.67 0 0 1 4 12.25a3.79 3.79 0 0 1-1.28-.75ZM11.29 3.89l2.17-.16 3.1 7.7-2 .15L14 10l-2.39.18-.35 1.67-2 .14Zm2.15 4.6-1-2.84-.61 2.95ZM17 3.47l1.89-.14.44 6 3.3-.25.16 1.92-5.19.39ZM23.36 3l5.13-.38.13 1.8-3.24.24.09 1.22 2.66-.2.12 1.7-2.65.2.09 1.35 3.46-.26.13 1.81-5.34.4Z"></path></g></g></svg></div> <!----> <!----> <!----></div></div> <div class="mobile-product-list-cell_left"><div><!----> <img src="data:image/svg+xml;base64,PD94bWwgdmVyc2lvbj0iMS4wIiBlbmNvZGluZz0idXRmLTgiPz4KPCEtLSBHZW5lcmF0ZWQgYnkgSWNvTW9vbi5pbyAtLT4KPCFET0NUWVBFIHN2ZyBQVUJMSUMgIi0vL1czQy8vRFREIFNWRyAxLjEvL0VOIiAiaHR0cDovL3d3dy53My5vcmcvR3JhcGhpY3MvU1ZHLzEuMS9EVEQvc3ZnMTEuZHRkIj4KPHN2ZyB2ZXJzaW9uPSIxLjEiIHhtbG5zPSJodHRwOi8vd3d3LnczLm9yZy8yMDAwL3N2ZyIgeG1sbnM6eGxpbms9Imh0dHA6Ly93d3cudzMub3JnLzE5OTkveGxpbmsiIHdpZHRoPSI0OCIgaGVpZ2h0PSI0OCIgdmlld0JveD0iMCAwIDQ4IDQ4Ij4KPGcgaWQ9Imljb21vb24taWdub3JlIj4KCTxsaW5lIHN0cm9rZS13aWR0aD0iMSIgeDE9IiIgeTE9IiIgeDI9IiIgeTI9IiIgc3Ryb2tlPSIjNDQ5RkRCIiBvcGFjaXR5PSIiPjwvbGluZT4KPC9nPgoJPHBhdGggZD0iTTM4LjQ4IDkuMDcwYzAuMjQ4IDAgMC40NSAwLjIwMiAwLjQ1IDAuNDV2MjguOTU5YzAgMC4yNDgtMC4yMDIgMC40NS0wLjQ1IDAuNDVoLTI4Ljk1OWMtMC4yNDggMC0wLjQ1LTAuMjAyLTAuNDUtMC40NXYtMjguOTU5YzAtMC4yNDggMC4yMDItMC40NSAwLjQ1LTAuNDVoMjguOTU5ek0zOC40OCA4aC0yOC45NTljLTAuODQgMC0xLjUyIDAuNjgxLTEuNTIgMS41MjF2MjguOTU5YzAgMC44NCAwLjY4MSAxLjUyMSAxLjUyIDEuNTIxaDI4Ljk1OWMwLjg0IDAgMS41Mi0wLjY4MSAxLjUyLTEuNTIxdi0yOC45NTljMC0wLjg0LTAuNjgxLTEuNTIxLTEuNTItMS41MjF2MHoiIG9wYWNpdHk9IjEiIHZpc2liaWxpdHk9ImZhbHNlIiBmaWxsPSIjZDdkN2Q3Ij48L3BhdGg+Cgk8cGF0aCBkPSJNMTIuMjI4IDM1LjIyNHYtMy4zMjljMC0wLjE0NSAwLjA1OC0wLjI4NSAwLjE2LTAuMzg4bDUuNTg3LTUuNTg3YzAuMjE0LTAuMjE0IDAuNTYxLTAuMjE0IDAuNzc1IDBsMi4xMTkgMi4xMTljMC4yMTQgMC4yMTQgMC41NjEgMC4yMTQgMC43NzUgMGw4LjE5MS04LjE5MmMwLjIxNC0wLjIxNCAwLjU2MS0wLjIxNCAwLjc3NSAwbDUgNWMwLjEwMyAwLjEwMyAwLjE2IDAuMjQyIDAuMTYgMC4zODh2OS45ODhjMCAwLjMwMy0wLjI0NSAwLjU0OC0wLjU0OCAwLjU0OGgtMjIuNDQ3Yy0wLjMwMyAwLTAuNTQ4LTAuMjQ1LTAuNTQ4LTAuNTQ4eiIgb3BhY2l0eT0iMSIgdmlzaWJpbGl0eT0iZmFsc2UiIGZpbGw9IiNkN2Q3ZDciPjwvcGF0aD4KCTxwYXRoIGQ9Ik0yMS41NDQgMTcuOTY3YzAgMS45ODItMS42MDYgMy41ODgtMy41ODggMy41ODhzLTMuNTg4LTEuNjA2LTMuNTg4LTMuNTg4YzAtMS45ODEgMS42MDYtMy41ODggMy41ODgtMy41ODhzMy41ODggMS42MDYgMy41ODggMy41ODh6IiBvcGFjaXR5PSIxIiB2aXNpYmlsaXR5PSJmYWxzZSIgZmlsbD0iI2Q3ZDdkNyI+PC9wYXRoPgo8L3N2Zz4K" alt="Stop &amp; Shop Chicken Breasts Boneless Skinless w/Rib Meat Value Pack Fresh" skeleton-box-size="9rem" class="product-grid-image object-contain"></div></div> <div class="mobile-product-list-cell_info"><div class="product-tile_detail"><div class="skeleton-loader_wrapper cursor-pointer"><div class="product-grid-cell_price-container product-grid-cell_price-container_column product-grid-cell_price-container--mobile"><span class="product-grid-cell_main-price product-grid-cell_main-price--on-sale"><span class="sr-only">
      Sale Price
    </span>
    $14.81
  </span> <div class="product-grid-cell_was-container"><span class="product-grid-cell_regular-price product-grid-cell_regular-price--small"><span class="sr-only">
        Original Price
      </span>
      $17.96
    </span></div></div> <!----></div> <!----></div> <div class="mobile-product-list-cell_name-content"><div class="skeleton-loader_wrapper"><div class="product-grid-cell_name"><a id="product-name-301921-16761547343859431" href="#" data-opens-modal="true" aria-haspopup="dialog" class="product-grid-cell_name-text product-grid-cell_name-text--clamp-2"><span class="vector-icon_inline-text--left mr-0"><div class="vector-icon-size--xsmall"><svg xmlns="http://www.w3.org/2000/svg" aria-label="Ahold Icon" viewBox="0 0 1024 945" role="presentation" aria-hidden="true" focusable="false" class=""><title lang="en">Ahold Icon</title><desc></desc><g fill="" stroke=""><g><path d="M1.893 730.617c-1.289-2.094-2.052-4.631-2.052-7.346 0-.747.058-1.481.169-2.197.158-12.396 10.227-22.466 22.687-22.634h895.306c12.476.168 22.545 10.237 22.713 22.698-.521 3.721-1.182 6.924-2.024 10.053l.131-.574c-86.363 175.072-263.598 293.385-468.466 293.385S88.254 905.689 3.252 733.663l-1.361-3.046z" fill="#F7A800" class="path1"></path> <path d="M107.889 132.495c1.893-1.893 1.893-3.786 3.786-5.678 2.98-3.491 7.385-5.69 12.303-5.69s9.323 2.199 12.284 5.668l.019.022L613.264 603.8c3.491 2.98 5.69 7.385 5.69 12.303s-2.199 9.323-5.668 12.284c-1.399 1.869-3.361 3.216-5.631 3.789l-.069.015c-38.446 13.732-82.796 21.669-129.001 21.669-108.416 0-206.626-43.699-277.977-114.443C130.241 467.591 86.799 369.1 86.799 260.462c0-45.803 7.722-89.803 21.936-130.767l-.845 2.8z" fill="#E2231A" class="path2"></path> <path d="M600.015 1.893a6.922 6.922 0 0 1 5.713-1.889c.057-.006.164-.007.272-.007 7.15 0 12.947 5.796 12.947 12.947 0 .108-.001.215-.004.322v-.016 503.482c.002.091.004.199.004.306 0 7.15-5.796 12.947-12.947 12.947-.108 0-.215-.001-.322-.004a6.925 6.925 0 0 1-5.665-1.895l.002.002c-98.273-48.542-164.673-148.065-164.673-263.098S501.743 50.434 598.306 2.657l1.709-.765z" fill="#712177" class="path3"></path> <path d="M938.824 283.919c1.893 0 1.893 1.893 3.786 1.893 1.765 2.012 2.841 4.666 2.841 7.571s-1.077 5.559-2.853 7.584l.011-.013-268.776 266.884c-2.012 1.765-4.666 2.841-7.571 2.841s-5.559-1.077-7.584-2.853a3.774 3.774 0 0 1-1.877-3.793l-.002.019c-7.681-21.529-12.12-46.363-12.12-72.235 0-61.263 24.891-116.712 65.111-156.786 39.326-39.792 93.895-64.431 154.219-64.431 26.857 0 52.573 4.884 76.309 13.812l-1.494-.493z" fill="#82BC00" class="path4"></path></g></g></svg></div></span>
    Stop &amp; Shop Chicken Breasts Boneless Skinless w/Rib Meat Value Pack Fresh
  </a></div> <!----> <!----></div> <div class="skeleton-loader_wrapper"><div class="product-grid-cell_sizes"><span class="product-grid-cell_size">
    APX 4-5 LB
  </span> <span aria-hidden="true">
    |
  </span> <!----> <span class="product-grid-cell_unit">
    $3.29 / LB
  </span></div> <!----></div> <!----> <!----> <!----> <!----> <!----> <!----> <!----></div> <div class="mobile-product-list-cell_bottom"><div class="mobile-product-list-cell_bottom_cart-ui-wrapper"><!----> <!----> <div class="pdl-add-to-cart"><div class="pdl-add-to-cart_button"><button aria-label="Add to cart" data-product-id="301921" data-price="14.81" class="button button--add-to-cart add-sale">
      Add to cart
      <!----></button> <!----> <!----> <!----></div> <!----></div></div> <!----></div></div></div> <div class="product-tile_action-items"><!----> <!----> <div class="shopping-list-menu_container"><div class="relative-el"><button aria-label="add to shopping list" class="button pdl-product-detail_top-icon button--fourth pdl-product-detail_top-icon--borderless"><!----> <div class="vector-icon-size--large"><svg xmlns="http://www.w3.org/2000/svg" aria-label="Shopping List Icon Add" viewBox="0 0 32 32" role="presentation" aria-hidden="true" focusable="false" class="vector-icon-color--dark-grey"><title lang="en">Shopping List Icon Add</title><desc></desc><g fill="" stroke=""><g><path d="M21.94066,15.3368884 L21.94066,12.8931995 C21.94066,12.3409148 22.3883752,11.8931995 22.94066,11.8931995 C23.4929447,11.8931995 23.94066,12.3409148 23.94066,12.8931995 L23.94066,15.3368884 L26.2522624,15.3368884 C26.8045471,15.3368884 27.2522624,15.7846037 27.2522624,16.3368884 C27.2522624,16.8891732 26.8045471,17.3368884 26.2522624,17.3368884 L23.94066,17.3368884 L23.94066,19.8787952 C23.94066,20.43108 23.4929447,20.8787952 22.94066,20.8787952 C22.3883752,20.8787952 21.94066,20.43108 21.94066,19.8787952 L21.94066,17.3368884 L19.2666667,17.3368884 C18.7143819,17.3368884 18.2666667,16.8891732 18.2666667,16.3368884 C18.2666667,15.7846037 18.7143819,15.3368884 19.2666667,15.3368884 L21.94066,15.3368884 Z M8,12 C7.44771525,12 7,11.5522847 7,11 C7,10.4477153 7.44771525,10 8,10 L19.1153581,10 C19.6676429,10 20.1153581,10.4477153 20.1153581,11 C20.1153581,11.5522847 19.6676429,12 19.1153581,12 L8,12 Z M8,17.3368884 C7.44771525,17.3368884 7,16.8891732 7,16.3368884 C7,15.7846037 7.44771525,15.3368884 8,15.3368884 L14.7200696,15.3368884 C15.2723543,15.3368884 15.7200696,15.7846037 15.7200696,16.3368884 C15.7200696,16.8891732 15.2723543,17.3368884 14.7200696,17.3368884 L8,17.3368884 Z M8,23 C7.44771525,23 7,22.5522847 7,22 C7,21.4477153 7.44771525,21 8,21 L19.1153581,21 C19.6676429,21 20.1153581,21.4477153 20.1153581,22 C20.1153581,22.5522847 19.6676429,23 19.1153581,23 L8,23 Z" fill="#000000" fill-rule="nonzero"></path></g></g></svg></div> <div class="pdl-product-detail_list-tooltip"><p>Add item to shopping list</p> <em></em></div></button></div></div></div> <!----></li> <!----><!----> <!----> <!----> <!----> <li tabindex="-1" data-product-id="129198" class="slot mobile-product-list-cell"><!----> <!----> <!----> <!----> <div class="mobile-product-list-cell_content"><div><!----> <div class="flag_outer-container"><div class=""><svg xmlns="http://www.w3.org/2000/svg" aria-label="Sale" viewBox="0 0 32 32" role="presentation" aria-hidden="true" focusable="false" class="w-20 ml-3"><title lang="en">Sale</title><desc></desc><g fill="" stroke=""><g><path d="M16.56 19.87a3.81 3.81 0 0 1-1-.13l-13.39-3.5a1.5 1.5 0 0 1-1.12-1.34l-.81-11a1.52 1.52 0 0 1 1.39-1.61l27.69-2h.11a1.51 1.51 0 0 1 1.5 1.4l.82 11a1.52 1.52 0 0 1-.91 1.5l-12.72 5.36a3.79 3.79 0 0 1-1.56.32Z" fill="#ed1256"></path><path fill="#fff" d="M29.43.48a1.26 1.26 0 0 1 1.26 1.17l.82 11a1.27 1.27 0 0 1-.76 1.26L18 19.34a3.72 3.72 0 0 1-1.47.3 3.79 3.79 0 0 1-.94-.12L2.24 16a1.27 1.27 0 0 1-1-1.13l-.81-11a1.26 1.26 0 0 1 1.22-1.33L29.34.48h.09m0-.48h-.13L1.62 2A1.76 1.76 0 0 0 0 3.92l.82 11a1.73 1.73 0 0 0 1.3 1.55L15.5 20a4.3 4.3 0 0 0 1.07.14 4.24 4.24 0 0 0 1.65-.34l12.72-5.44A1.76 1.76 0 0 0 32 12.59l-.82-11A1.76 1.76 0 0 0 29.43 0Z"></path><path fill="#fff" d="M3.74 9.87a3 3 0 0 0 .82.55 2.21 2.21 0 0 0 1.08.19 1.6 1.6 0 0 0 .29 0 1 1 0 0 0 .26-.12.58.58 0 0 0 .18-.2.62.62 0 0 0 0-.31.59.59 0 0 0-.32-.49 3.38 3.38 0 0 0-.85-.34L4.84 9a4.19 4.19 0 0 1-.69-.26 2.44 2.44 0 0 1-.63-.41 1.92 1.92 0 0 1-.7-1.42 2.68 2.68 0 0 1 .1-1A2.2 2.2 0 0 1 3.39 5a2.42 2.42 0 0 1 .82-.6 3.15 3.15 0 0 1 1.17-.28 3.68 3.68 0 0 1 1.72.24 3 3 0 0 1 .57.29A2.66 2.66 0 0 1 8 5l-.82 1.37a4.42 4.42 0 0 0-.82-.45 2 2 0 0 0-.85-.13 1.4 1.4 0 0 0-.28.06A.9.9 0 0 0 5 6a.62.62 0 0 0-.16.2.5.5 0 0 0 0 .28.6.6 0 0 0 .1.31.68.68 0 0 0 .24.2 1.27 1.27 0 0 0 .35.15l.43.13.35.09a7.49 7.49 0 0 1 .69.22 2.2 2.2 0 0 1 .72.42 2.46 2.46 0 0 1 .54.68 2.31 2.31 0 0 1 .27 1 2.15 2.15 0 0 1-.15 1 2.53 2.53 0 0 1-.56.84 2.77 2.77 0 0 1-.88.59 4 4 0 0 1-1.11.27A4.67 4.67 0 0 1 4 12.25a3.79 3.79 0 0 1-1.28-.75ZM11.29 3.89l2.17-.16 3.1 7.7-2 .15L14 10l-2.39.18-.35 1.67-2 .14Zm2.15 4.6-1-2.84-.61 2.95ZM17 3.47l1.89-.14.44 6 3.3-.25.16 1.92-5.19.39ZM23.36 3l5.13-.38.13 1.8-3.24.24.09 1.22 2.66-.2.12 1.7-2.65.2.09 1.35 3.46-.26.13 1.81-5.34.4Z"></path></g></g></svg></div> <!----> <!----> <!----></div></div> <div class="mobile-product-list-cell_left"><div><!----> <img src="data:image/svg+xml;base64,PD94bWwgdmVyc2lvbj0iMS4wIiBlbmNvZGluZz0idXRmLTgiPz4KPCEtLSBHZW5lcmF0ZWQgYnkgSWNvTW9vbi5pbyAtLT4KPCFET0NUWVBFIHN2ZyBQVUJMSUMgIi0vL1czQy8vRFREIFNWRyAxLjEvL0VOIiAiaHR0cDovL3d3dy53My5vcmcvR3JhcGhpY3MvU1ZHLzEuMS9EVEQvc3ZnMTEuZHRkIj4KPHN2ZyB2ZXJzaW9uPSIxLjEiIHhtbG5zPSJodHRwOi8vd3d3LnczLm9yZy8yMDAwL3N2ZyIgeG1sbnM6eGxpbms9Imh0dHA6Ly93d3cudzMub3JnLzE5OTkveGxpbmsiIHdpZHRoPSI0OCIgaGVpZ2h0PSI0OCIgdmlld0JveD0iMCAwIDQ4IDQ4Ij4KPGcgaWQ9Imljb21vb24taWdub3JlIj4KCTxsaW5lIHN0cm9rZS13aWR0aD0iMSIgeDE9IiIgeTE9IiIgeDI9IiIgeTI9IiIgc3Ryb2tlPSIjNDQ5RkRCIiBvcGFjaXR5PSIiPjwvbGluZT4KPC9nPgoJPHBhdGggZD0iTTM4LjQ4IDkuMDcwYzAuMjQ4IDAgMC40NSAwLjIwMiAwLjQ1IDAuNDV2MjguOTU5YzAgMC4yNDgtMC4yMDIgMC40NS0wLjQ1IDAuNDVoLTI4Ljk1OWMtMC4yNDggMC0wLjQ1LTAuMjAyLTAuNDUtMC40NXYtMjguOTU5YzAtMC4yNDggMC4yMDItMC40NSAwLjQ1LTAuNDVoMjguOTU5ek0zOC40OCA4aC0yOC45NTljLTAuODQgMC0xLjUyIDAuNjgxLTEuNTIgMS41MjF2MjguOTU5YzAgMC44NCAwLjY4MSAxLjUyMSAxLjUyIDEuNTIxaDI4Ljk1OWMwLjg0IDAgMS41Mi0wLjY4MSAxLjUyLTEuNTIxdi0yOC45NTljMC0wLjg0LTAuNjgxLTEuNTIxLTEuNTItMS41MjF2MHoiIG9wYWNpdHk9IjEiIHZpc2liaWxpdHk9ImZhbHNlIiBmaWxsPSIjZDdkN2Q3Ij48L3BhdGg+Cgk8cGF0aCBkPSJNMTIuMjI4IDM1LjIyNHYtMy4zMjljMC0wLjE0NSAwLjA1OC0wLjI4NSAwLjE2LTAuMzg4bDUuNTg3LTUuNTg3YzAuMjE0LTAuMjE0IDAuNTYxLTAuMjE0IDAuNzc1IDBsMi4xMTkgMi4xMTljMC4yMTQgMC4yMTQgMC41NjEgMC4yMTQgMC43NzUgMGw4LjE5MS04LjE5MmMwLjIxNC0wLjIxNCAwLjU2MS0wLjIxNCAwLjc3NSAwbDUgNWMwLjEwMyAwLjEwMyAwLjE2IDAuMjQyIDAuMTYgMC4zODh2OS45ODhjMCAwLjMwMy0wLjI0NSAwLjU0OC0wLjU0OCAwLjU0OGgtMjIuNDQ3Yy0wLjMwMyAwLTAuNTQ4LTAuMjQ1LTAuNTQ4LTAuNTQ4eiIgb3BhY2l0eT0iMSIgdmlzaWJpbGl0eT0iZmFsc2UiIGZpbGw9IiNkN2Q3ZDciPjwvcGF0aD4KCTxwYXRoIGQ9Ik0yMS41NDQgMTcuOTY3YzAgMS45ODItMS42MDYgMy41ODgtMy41ODggMy41ODhzLTMuNTg4LTEuNjA2LTMuNTg4LTMuNTg4YzAtMS45ODEgMS42MDYtMy41ODggMy41ODgtMy41ODhzMy41ODggMS42MDYgMy41ODggMy41ODh6IiBvcGFjaXR5PSIxIiB2aXNpYmlsaXR5PSJmYWxzZSIgZmlsbD0iI2Q3ZDdkNyI+PC9wYXRoPgo8L3N2Zz4K" alt="Red Grapes Seedless" skeleton-box-size="9rem" class="product-grid-image object-contain"></div></div> <div class="mobile-product-list-cell_info"><div class="product-tile_detail"><div class="skeleton-loader_wrapper cursor-pointer"><div class="product-grid-cell_price-container product-grid-cell_price-container_column product-grid-cell_price-container--mobile"><span class="product-grid-cell_main-price product-grid-cell_main-price--on-sale"><span class="sr-only">
      Sale Price
    </span>
    $5.99
  </span> <div class="product-grid-cell_was-container"><span class="product-grid-cell_regular-price product-grid-cell_regular-price--small"><span class="sr-only">
        Original Price
      </span>
      $6.49
    </span></div></div> <!----></div> <!----></div> <div class="mobile-product-list-cell_name-content"><div class="skeleton-loader_wrapper"><div class="product-grid-cell_name"><a id="product-name-129198-16761547343886097" href="#" data-opens-modal="true" aria-haspopup="dialog" class="product-grid-cell_name-text product-grid-cell_name-text--clamp-2"><!---->
    Red Grapes Seedless
  </a></div> <!----> <!----></div> <div class="skeleton-loader_wrapper"><div class="product-grid-cell_sizes"><span class="product-grid-cell_size">
    APX 2 LB
  </span> <span aria-hidden="true">
    |
  </span> <!----> <span class="product-grid-cell_unit">
    $0.19 / OZ
  </span></div> <!----></div> <!----> <!----> <!----> <!----> <!----> <!----> <!----></div> <div class="mobile-product-list-cell_bottom"><div class="mobile-product-list-cell_bottom_cart-ui-wrapper"><!----> <!----> <div class="pdl-add-to-cart"><div class="pdl-add-to-cart_button"><button aria-label="Add to cart" data-product-id="129198" data-price="5.99" class="button button--add-to-cart add-sale">
      Add to cart
      <!----></button> <!----> <!----> <!----></div> <!----></div></div> <!----></div></div></div> <div class="product-tile_action-items"><!----> <!----> <div class="shopping-list-menu_container"><div class="relative-el"><button aria-label="add to shopping list" class="button pdl-product-detail_top-icon button--fourth pdl-product-detail_top-icon--borderless"><!----> <div class="vector-icon-size--large"><svg xmlns="http://www.w3.org/2000/svg" aria-label="Shopping List Icon Add" viewBox="0 0 32 32" role="presentation" aria-hidden="true" focusable="false" class="vector-icon-color--dark-grey"><title lang="en">Shopping List Icon Add</title><desc></desc><g fill="" stroke=""><g><path d="M21.94066,15.3368884 L21.94066,12.8931995 C21.94066,12.3409148 22.3883752,11.8931995 22.94066,11.8931995 C23.4929447,11.8931995 23.94066,12.3409148 23.94066,12.8931995 L23.94066,15.3368884 L26.2522624,15.3368884 C26.8045471,15.3368884 27.2522624,15.7846037 27.2522624,16.3368884 C27.2522624,16.8891732 26.8045471,17.3368884 26.2522624,17.3368884 L23.94066,17.3368884 L23.94066,19.8787952 C23.94066,20.43108 23.4929447,20.8787952 22.94066,20.8787952 C22.3883752,20.8787952 21.94066,20.43108 21.94066,19.8787952 L21.94066,17.3368884 L19.2666667,17.3368884 C18.7143819,17.3368884 18.2666667,16.8891732 18.2666667,16.3368884 C18.2666667,15.7846037 18.7143819,15.3368884 19.2666667,15.3368884 L21.94066,15.3368884 Z M8,12 C7.44771525,12 7,11.5522847 7,11 C7,10.4477153 7.44771525,10 8,10 L19.1153581,10 C19.6676429,10 20.1153581,10.4477153 20.1153581,11 C20.1153581,11.5522847 19.6676429,12 19.1153581,12 L8,12 Z M8,17.3368884 C7.44771525,17.3368884 7,16.8891732 7,16.3368884 C7,15.7846037 7.44771525,15.3368884 8,15.3368884 L14.7200696,15.3368884 C15.2723543,15.3368884 15.7200696,15.7846037 15.7200696,16.3368884 C15.7200696,16.8891732 15.2723543,17.3368884 14.7200696,17.3368884 L8,17.3368884 Z M8,23 C7.44771525,23 7,22.5522847 7,22 C7,21.4477153 7.44771525,21 8,21 L19.1153581,21 C19.6676429,21 20.1153581,21.4477153 20.1153581,22 C20.1153581,22.5522847 19.6676429,23 19.1153581,23 L8,23 Z" fill="#000000" fill-rule="nonzero"></path></g></g></svg></div> <div class="pdl-product-detail_list-tooltip"><p>Add item to shopping list</p> <em></em></div></button></div></div></div> <!----></li> <!----><!----> <li class="flex justify-center py-16 px-4 w-full interwoven-track-log flex-wrap gap-16"><div class="relative flex justify-center spyglass-nav-group_wrapper"><!----> <div aria-label="Dunk into the Oreoverse" tabindex="0" role="link" class="relative cursor-pointer my-0 mx-10 w-[27rem] h-[22rem]"><div class="rounded-xl border border-solid border-gray-100"><div class="h-56 w-full relative overflow-hidden"><!----> <img src="https://i5.peapod.com/c/FP/FPPXJ.jpg" alt="The Most OREO OREO, Cookies &amp; Cream" class="rounded-t-xl"></div> <div class="flex justify-between py-6 px-4 h-28 items-center"><div><span class="font-semibold">Dunk into the Oreoverse</span> <p class="text-gray-600 text-sm">Buy. Scan. Discover.</p></div> <div><div class="vector-icon-size--arrow pt-3"><svg xmlns="http://www.w3.org/2000/svg" aria-label="Arrow Icon" viewBox="0 0 32 32" role="presentation" aria-hidden="true" focusable="false" class="vector-icon-color--prime"><title lang="en">Arrow Icon</title><desc></desc><g fill="" stroke=""><path d="M0.626 31.374c0.833 0.833 2.188 0.833 3.021 0l13.858-13.858c0.419-0.419 0.628-0.97 0.624-1.517 0-0.551-0.205-1.098-0.624-1.517l-13.858-13.856c-0.833-0.833-2.188-0.833-3.021 0s-0.833 2.188 0 3.021l12.354 12.354-12.354 12.354c-0.833 0.833-0.833 2.188 0 3.019z"></path></g></svg></div></div></div></div></div> <!----> <!----> <!----> <!----></div></li> <!----> <!----> <!----> <!----><!----> <!----> <!----> <!----> <li tabindex="-1" data-product-id="121458" class="slot mobile-product-list-cell"><!----> <!----> <!----> <!----> <div class="mobile-product-list-cell_content"><div><!----> <div class="flag_outer-container"><div class=""><svg xmlns="http://www.w3.org/2000/svg" aria-label="Sale" viewBox="0 0 32 32" role="presentation" aria-hidden="true" focusable="false" class="w-20 ml-3"><title lang="en">Sale</title><desc></desc><g fill="" stroke=""><g><path d="M16.56 19.87a3.81 3.81 0 0 1-1-.13l-13.39-3.5a1.5 1.5 0 0 1-1.12-1.34l-.81-11a1.52 1.52 0 0 1 1.39-1.61l27.69-2h.11a1.51 1.51 0 0 1 1.5 1.4l.82 11a1.52 1.52 0 0 1-.91 1.5l-12.72 5.36a3.79 3.79 0 0 1-1.56.32Z" fill="#ed1256"></path><path fill="#fff" d="M29.43.48a1.26 1.26 0 0 1 1.26 1.17l.82 11a1.27 1.27 0 0 1-.76 1.26L18 19.34a3.72 3.72 0 0 1-1.47.3 3.79 3.79 0 0 1-.94-.12L2.24 16a1.27 1.27 0 0 1-1-1.13l-.81-11a1.26 1.26 0 0 1 1.22-1.33L29.34.48h.09m0-.48h-.13L1.62 2A1.76 1.76 0 0 0 0 3.92l.82 11a1.73 1.73 0 0 0 1.3 1.55L15.5 20a4.3 4.3 0 0 0 1.07.14 4.24 4.24 0 0 0 1.65-.34l12.72-5.44A1.76 1.76 0 0 0 32 12.59l-.82-11A1.76 1.76 0 0 0 29.43 0Z"></path><path fill="#fff" d="M3.74 9.87a3 3 0 0 0 .82.55 2.21 2.21 0 0 0 1.08.19 1.6 1.6 0 0 0 .29 0 1 1 0 0 0 .26-.12.58.58 0 0 0 .18-.2.62.62 0 0 0 0-.31.59.59 0 0 0-.32-.49 3.38 3.38 0 0 0-.85-.34L4.84 9a4.19 4.19 0 0 1-.69-.26 2.44 2.44 0 0 1-.63-.41 1.92 1.92 0 0 1-.7-1.42 2.68 2.68 0 0 1 .1-1A2.2 2.2 0 0 1 3.39 5a2.42 2.42 0 0 1 .82-.6 3.15 3.15 0 0 1 1.17-.28 3.68 3.68 0 0 1 1.72.24 3 3 0 0 1 .57.29A2.66 2.66 0 0 1 8 5l-.82 1.37a4.42 4.42 0 0 0-.82-.45 2 2 0 0 0-.85-.13 1.4 1.4 0 0 0-.28.06A.9.9 0 0 0 5 6a.62.62 0 0 0-.16.2.5.5 0 0 0 0 .28.6.6 0 0 0 .1.31.68.68 0 0 0 .24.2 1.27 1.27 0 0 0 .35.15l.43.13.35.09a7.49 7.49 0 0 1 .69.22 2.2 2.2 0 0 1 .72.42 2.46 2.46 0 0 1 .54.68 2.31 2.31 0 0 1 .27 1 2.15 2.15 0 0 1-.15 1 2.53 2.53 0 0 1-.56.84 2.77 2.77 0 0 1-.88.59 4 4 0 0 1-1.11.27A4.67 4.67 0 0 1 4 12.25a3.79 3.79 0 0 1-1.28-.75ZM11.29 3.89l2.17-.16 3.1 7.7-2 .15L14 10l-2.39.18-.35 1.67-2 .14Zm2.15 4.6-1-2.84-.61 2.95ZM17 3.47l1.89-.14.44 6 3.3-.25.16 1.92-5.19.39ZM23.36 3l5.13-.38.13 1.8-3.24.24.09 1.22 2.66-.2.12 1.7-2.65.2.09 1.35 3.46-.26.13 1.81-5.34.4Z"></path></g></g></svg></div> <!----> <!----> <!----></div></div> <div class="mobile-product-list-cell_left"><div><!----> <img src="data:image/svg+xml;base64,PD94bWwgdmVyc2lvbj0iMS4wIiBlbmNvZGluZz0idXRmLTgiPz4KPCEtLSBHZW5lcmF0ZWQgYnkgSWNvTW9vbi5pbyAtLT4KPCFET0NUWVBFIHN2ZyBQVUJMSUMgIi0vL1czQy8vRFREIFNWRyAxLjEvL0VOIiAiaHR0cDovL3d3dy53My5vcmcvR3JhcGhpY3MvU1ZHLzEuMS9EVEQvc3ZnMTEuZHRkIj4KPHN2ZyB2ZXJzaW9uPSIxLjEiIHhtbG5zPSJodHRwOi8vd3d3LnczLm9yZy8yMDAwL3N2ZyIgeG1sbnM6eGxpbms9Imh0dHA6Ly93d3cudzMub3JnLzE5OTkveGxpbmsiIHdpZHRoPSI0OCIgaGVpZ2h0PSI0OCIgdmlld0JveD0iMCAwIDQ4IDQ4Ij4KPGcgaWQ9Imljb21vb24taWdub3JlIj4KCTxsaW5lIHN0cm9rZS13aWR0aD0iMSIgeDE9IiIgeTE9IiIgeDI9IiIgeTI9IiIgc3Ryb2tlPSIjNDQ5RkRCIiBvcGFjaXR5PSIiPjwvbGluZT4KPC9nPgoJPHBhdGggZD0iTTM4LjQ4IDkuMDcwYzAuMjQ4IDAgMC40NSAwLjIwMiAwLjQ1IDAuNDV2MjguOTU5YzAgMC4yNDgtMC4yMDIgMC40NS0wLjQ1IDAuNDVoLTI4Ljk1OWMtMC4yNDggMC0wLjQ1LTAuMjAyLTAuNDUtMC40NXYtMjguOTU5YzAtMC4yNDggMC4yMDItMC40NSAwLjQ1LTAuNDVoMjguOTU5ek0zOC40OCA4aC0yOC45NTljLTAuODQgMC0xLjUyIDAuNjgxLTEuNTIgMS41MjF2MjguOTU5YzAgMC44NCAwLjY4MSAxLjUyMSAxLjUyIDEuNTIxaDI4Ljk1OWMwLjg0IDAgMS41Mi0wLjY4MSAxLjUyLTEuNTIxdi0yOC45NTljMC0wLjg0LTAuNjgxLTEuNTIxLTEuNTItMS41MjF2MHoiIG9wYWNpdHk9IjEiIHZpc2liaWxpdHk9ImZhbHNlIiBmaWxsPSIjZDdkN2Q3Ij48L3BhdGg+Cgk8cGF0aCBkPSJNMTIuMjI4IDM1LjIyNHYtMy4zMjljMC0wLjE0NSAwLjA1OC0wLjI4NSAwLjE2LTAuMzg4bDUuNTg3LTUuNTg3YzAuMjE0LTAuMjE0IDAuNTYxLTAuMjE0IDAuNzc1IDBsMi4xMTkgMi4xMTljMC4yMTQgMC4yMTQgMC41NjEgMC4yMTQgMC43NzUgMGw4LjE5MS04LjE5MmMwLjIxNC0wLjIxNCAwLjU2MS0wLjIxNCAwLjc3NSAwbDUgNWMwLjEwMyAwLjEwMyAwLjE2IDAuMjQyIDAuMTYgMC4zODh2OS45ODhjMCAwLjMwMy0wLjI0NSAwLjU0OC0wLjU0OCAwLjU0OGgtMjIuNDQ3Yy0wLjMwMyAwLTAuNTQ4LTAuMjQ1LTAuNTQ4LTAuNTQ4eiIgb3BhY2l0eT0iMSIgdmlzaWJpbGl0eT0iZmFsc2UiIGZpbGw9IiNkN2Q3ZDciPjwvcGF0aD4KCTxwYXRoIGQ9Ik0yMS41NDQgMTcuOTY3YzAgMS45ODItMS42MDYgMy41ODgtMy41ODggMy41ODhzLTMuNTg4LTEuNjA2LTMuNTg4LTMuNTg4YzAtMS45ODEgMS42MDYtMy41ODggMy41ODgtMy41ODhzMy41ODggMS42MDYgMy41ODggMy41ODh6IiBvcGFjaXR5PSIxIiB2aXNpYmlsaXR5PSJmYWxzZSIgZmlsbD0iI2Q3ZDdkNyI+PC9wYXRoPgo8L3N2Zz4K" alt="Green Grapes Seedless" skeleton-box-size="9rem" class="product-grid-image object-contain"></div></div> <div class="mobile-product-list-cell_info"><div class="product-tile_detail"><div class="skeleton-loader_wrapper cursor-pointer"><div class="product-grid-cell_price-container product-grid-cell_price-container_column product-grid-cell_price-container--mobile"><span class="product-grid-cell_main-price product-grid-cell_main-price--on-sale"><span class="sr-only">
      Sale Price
    </span>
    $5.99
  </span> <div class="product-grid-cell_was-container"><span class="product-grid-cell_regular-price product-grid-cell_regular-price--small"><span class="sr-only">
        Original Price
      </span>
      $6.49
    </span></div></div> <!----></div> <!----></div> <div class="mobile-product-list-cell_name-content"><div class="skeleton-loader_wrapper"><div class="product-grid-cell_name"><a id="product-name-121458-16760862936581457" href="#" data-opens-modal="true" aria-haspopup="dialog" class="product-grid-cell_name-text product-grid-cell_name-text--clamp-2"><!---->
    Green Grapes Seedless
  </a></div> <!----> <!----></div> <div class="skeleton-loader_wrapper"><div class="product-grid-cell_sizes"><span class="product-grid-cell_size">
    APX 2 LB
  </span> <span aria-hidden="true">
    |
  </span> <!----> <span class="product-grid-cell_unit">
    $0.19 / OZ
  </span></div> <!----></div> <!----> <!----> <!----> <!----> <!----> <!----> <!----></div> <div class="mobile-product-list-cell_bottom"><div class="mobile-product-list-cell_bottom_cart-ui-wrapper"><!----> <!----> <div class="pdl-add-to-cart"><div class="pdl-add-to-cart_button"><button aria-label="Add to cart" data-product-id="121458" data-price="5.99" class="button button--add-to-cart add-sale">
      Add to cart
      <!----></button> <!----> <!----> <!----></div> <!----></div></div> <!----></div></div></div> <div class="product-tile_action-items"><!----> <!----> <div class="shopping-list-menu_container"><div class="relative-el"><button aria-label="add to shopping list" class="button pdl-product-detail_top-icon button--fourth pdl-product-detail_top-icon--borderless"><!----> <div class="vector-icon-size--large"><svg xmlns="http://www.w3.org/2000/svg" aria-label="Shopping List Icon Add" viewBox="0 0 32 32" role="presentation" aria-hidden="true" focusable="false" class="vector-icon-color--dark-grey"><title lang="en">Shopping List Icon Add</title><desc></desc><g fill="" stroke=""><g><path d="M21.94066,15.3368884 L21.94066,12.8931995 C21.94066,12.3409148 22.3883752,11.8931995 22.94066,11.8931995 C23.4929447,11.8931995 23.94066,12.3409148 23.94066,12.8931995 L23.94066,15.3368884 L26.2522624,15.3368884 C26.8045471,15.3368884 27.2522624,15.7846037 27.2522624,16.3368884 C27.2522624,16.8891732 26.8045471,17.3368884 26.2522624,17.3368884 L23.94066,17.3368884 L23.94066,19.8787952 C23.94066,20.43108 23.4929447,20.8787952 22.94066,20.8787952 C22.3883752,20.8787952 21.94066,20.43108 21.94066,19.8787952 L21.94066,17.3368884 L19.2666667,17.3368884 C18.7143819,17.3368884 18.2666667,16.8891732 18.2666667,16.3368884 C18.2666667,15.7846037 18.7143819,15.3368884 19.2666667,15.3368884 L21.94066,15.3368884 Z M8,12 C7.44771525,12 7,11.5522847 7,11 C7,10.4477153 7.44771525,10 8,10 L19.1153581,10 C19.6676429,10 20.1153581,10.4477153 20.1153581,11 C20.1153581,11.5522847 19.6676429,12 19.1153581,12 L8,12 Z M8,17.3368884 C7.44771525,17.3368884 7,16.8891732 7,16.3368884 C7,15.7846037 7.44771525,15.3368884 8,15.3368884 L14.7200696,15.3368884 C15.2723543,15.3368884 15.7200696,15.7846037 15.7200696,16.3368884 C15.7200696,16.8891732 15.2723543,17.3368884 14.7200696,17.3368884 L8,17.3368884 Z M8,23 C7.44771525,23 7,22.5522847 7,22 C7,21.4477153 7.44771525,21 8,21 L19.1153581,21 C19.6676429,21 20.1153581,21.4477153 20.1153581,22 C20.1153581,22.5522847 19.6676429,23 19.1153581,23 L8,23 Z" fill="#000000" fill-rule="nonzero"></path></g></g></svg></div> <div class="pdl-product-detail_list-tooltip"><p>Add item to shopping list</p> <em></em></div></button></div></div></div> <!----></li> <!----><!----> <!----> <!----> <!----> <li tabindex="-1" data-product-id="144676" class="slot mobile-product-list-cell"><!----> <!----> <!----> <!----> <div class="mobile-product-list-cell_content"><div><!----> <div class="flag_outer-container"><div class=""><svg xmlns="http://www.w3.org/2000/svg" aria-label="Sale" viewBox="0 0 32 32" role="presentation" aria-hidden="true" focusable="false" class="w-20 ml-3"><title lang="en">Sale</title><desc></desc><g fill="" stroke=""><g><path d="M16.56 19.87a3.81 3.81 0 0 1-1-.13l-13.39-3.5a1.5 1.5 0 0 1-1.12-1.34l-.81-11a1.52 1.52 0 0 1 1.39-1.61l27.69-2h.11a1.51 1.51 0 0 1 1.5 1.4l.82 11a1.52 1.52 0 0 1-.91 1.5l-12.72 5.36a3.79 3.79 0 0 1-1.56.32Z" fill="#ed1256"></path><path fill="#fff" d="M29.43.48a1.26 1.26 0 0 1 1.26 1.17l.82 11a1.27 1.27 0 0 1-.76 1.26L18 19.34a3.72 3.72 0 0 1-1.47.3 3.79 3.79 0 0 1-.94-.12L2.24 16a1.27 1.27 0 0 1-1-1.13l-.81-11a1.26 1.26 0 0 1 1.22-1.33L29.34.48h.09m0-.48h-.13L1.62 2A1.76 1.76 0 0 0 0 3.92l.82 11a1.73 1.73 0 0 0 1.3 1.55L15.5 20a4.3 4.3 0 0 0 1.07.14 4.24 4.24 0 0 0 1.65-.34l12.72-5.44A1.76 1.76 0 0 0 32 12.59l-.82-11A1.76 1.76 0 0 0 29.43 0Z"></path><path fill="#fff" d="M3.74 9.87a3 3 0 0 0 .82.55 2.21 2.21 0 0 0 1.08.19 1.6 1.6 0 0 0 .29 0 1 1 0 0 0 .26-.12.58.58 0 0 0 .18-.2.62.62 0 0 0 0-.31.59.59 0 0 0-.32-.49 3.38 3.38 0 0 0-.85-.34L4.84 9a4.19 4.19 0 0 1-.69-.26 2.44 2.44 0 0 1-.63-.41 1.92 1.92 0 0 1-.7-1.42 2.68 2.68 0 0 1 .1-1A2.2 2.2 0 0 1 3.39 5a2.42 2.42 0 0 1 .82-.6 3.15 3.15 0 0 1 1.17-.28 3.68 3.68 0 0 1 1.72.24 3 3 0 0 1 .57.29A2.66 2.66 0 0 1 8 5l-.82 1.37a4.42 4.42 0 0 0-.82-.45 2 2 0 0 0-.85-.13 1.4 1.4 0 0 0-.28.06A.9.9 0 0 0 5 6a.62.62 0 0 0-.16.2.5.5 0 0 0 0 .28.6.6 0 0 0 .1.31.68.68 0 0 0 .24.2 1.27 1.27 0 0 0 .35.15l.43.13.35.09a7.49 7.49 0 0 1 .69.22 2.2 2.2 0 0 1 .72.42 2.46 2.46 0 0 1 .54.68 2.31 2.31 0 0 1 .27 1 2.15 2.15 0 0 1-.15 1 2.53 2.53 0 0 1-.56.84 2.77 2.77 0 0 1-.88.59 4 4 0 0 1-1.11.27A4.67 4.67 0 0 1 4 12.25a3.79 3.79 0 0 1-1.28-.75ZM11.29 3.89l2.17-.16 3.1 7.7-2 .15L14 10l-2.39.18-.35 1.67-2 .14Zm2.15 4.6-1-2.84-.61 2.95ZM17 3.47l1.89-.14.44 6 3.3-.25.16 1.92-5.19.39ZM23.36 3l5.13-.38.13 1.8-3.24.24.09 1.22 2.66-.2.12 1.7-2.65.2.09 1.35 3.46-.26.13 1.81-5.34.4Z"></path></g></g></svg></div> <!----> <!----> <!----></div></div> <div class="mobile-product-list-cell_left"><div><!----> <img src="data:image/svg+xml;base64,PD94bWwgdmVyc2lvbj0iMS4wIiBlbmNvZGluZz0idXRmLTgiPz4KPCEtLSBHZW5lcmF0ZWQgYnkgSWNvTW9vbi5pbyAtLT4KPCFET0NUWVBFIHN2ZyBQVUJMSUMgIi0vL1czQy8vRFREIFNWRyAxLjEvL0VOIiAiaHR0cDovL3d3dy53My5vcmcvR3JhcGhpY3MvU1ZHLzEuMS9EVEQvc3ZnMTEuZHRkIj4KPHN2ZyB2ZXJzaW9uPSIxLjEiIHhtbG5zPSJodHRwOi8vd3d3LnczLm9yZy8yMDAwL3N2ZyIgeG1sbnM6eGxpbms9Imh0dHA6Ly93d3cudzMub3JnLzE5OTkveGxpbmsiIHdpZHRoPSI0OCIgaGVpZ2h0PSI0OCIgdmlld0JveD0iMCAwIDQ4IDQ4Ij4KPGcgaWQ9Imljb21vb24taWdub3JlIj4KCTxsaW5lIHN0cm9rZS13aWR0aD0iMSIgeDE9IiIgeTE9IiIgeDI9IiIgeTI9IiIgc3Ryb2tlPSIjNDQ5RkRCIiBvcGFjaXR5PSIiPjwvbGluZT4KPC9nPgoJPHBhdGggZD0iTTM4LjQ4IDkuMDcwYzAuMjQ4IDAgMC40NSAwLjIwMiAwLjQ1IDAuNDV2MjguOTU5YzAgMC4yNDgtMC4yMDIgMC40NS0wLjQ1IDAuNDVoLTI4Ljk1OWMtMC4yNDggMC0wLjQ1LTAuMjAyLTAuNDUtMC40NXYtMjguOTU5YzAtMC4yNDggMC4yMDItMC40NSAwLjQ1LTAuNDVoMjguOTU5ek0zOC40OCA4aC0yOC45NTljLTAuODQgMC0xLjUyIDAuNjgxLTEuNTIgMS41MjF2MjguOTU5YzAgMC44NCAwLjY4MSAxLjUyMSAxLjUyIDEuNTIxaDI4Ljk1OWMwLjg0IDAgMS41Mi0wLjY4MSAxLjUyLTEuNTIxdi0yOC45NTljMC0wLjg0LTAuNjgxLTEuNTIxLTEuNTItMS41MjF2MHoiIG9wYWNpdHk9IjEiIHZpc2liaWxpdHk9ImZhbHNlIiBmaWxsPSIjZDdkN2Q3Ij48L3BhdGg+Cgk8cGF0aCBkPSJNMTIuMjI4IDM1LjIyNHYtMy4zMjljMC0wLjE0NSAwLjA1OC0wLjI4NSAwLjE2LTAuMzg4bDUuNTg3LTUuNTg3YzAuMjE0LTAuMjE0IDAuNTYxLTAuMjE0IDAuNzc1IDBsMi4xMTkgMi4xMTljMC4yMTQgMC4yMTQgMC41NjEgMC4yMTQgMC43NzUgMGw4LjE5MS04LjE5MmMwLjIxNC0wLjIxNCAwLjU2MS0wLjIxNCAwLjc3NSAwbDUgNWMwLjEwMyAwLjEwMyAwLjE2IDAuMjQyIDAuMTYgMC4zODh2OS45ODhjMCAwLjMwMy0wLjI0NSAwLjU0OC0wLjU0OCAwLjU0OGgtMjIuNDQ3Yy0wLjMwMyAwLTAuNTQ4LTAuMjQ1LTAuNTQ4LTAuNTQ4eiIgb3BhY2l0eT0iMSIgdmlzaWJpbGl0eT0iZmFsc2UiIGZpbGw9IiNkN2Q3ZDciPjwvcGF0aD4KCTxwYXRoIGQ9Ik0yMS41NDQgMTcuOTY3YzAgMS45ODItMS42MDYgMy41ODgtMy41ODggMy41ODhzLTMuNTg4LTEuNjA2LTMuNTg4LTMuNTg4YzAtMS45ODEgMS42MDYtMy41ODggMy41ODgtMy41ODhzMy41ODggMS42MDYgMy41ODggMy41ODh6IiBvcGFjaXR5PSIxIiB2aXNpYmlsaXR5PSJmYWxzZSIgZmlsbD0iI2Q3ZDdkNyI+PC9wYXRoPgo8L3N2Zz4K" alt="Shady Brook Farms Ground Turkey 93% Fat Free 7% Fat" skeleton-box-size="9rem" class="product-grid-image object-contain"></div></div> <div class="mobile-product-list-cell_info"><div class="product-tile_detail"><div class="skeleton-loader_wrapper cursor-pointer"><div class="product-grid-cell_price-container product-grid-cell_price-container_column product-grid-cell_price-container--mobile"><span class="product-grid-cell_main-price product-grid-cell_main-price--on-sale"><span class="sr-only">
      Sale Price
    </span>
    $5.29
  </span> <div class="product-grid-cell_was-container"><span class="product-grid-cell_regular-price product-grid-cell_regular-price--small"><span class="sr-only">
        Original Price
      </span>
      $7.49
    </span></div></div> <!----></div> <!----></div> <div class="mobile-product-list-cell_name-content"><div class="skeleton-loader_wrapper"><div class="product-grid-cell_name"><a id="product-name-144676-16760862936601258" href="#" data-opens-modal="true" aria-haspopup="dialog" class="product-grid-cell_name-text product-grid-cell_name-text--clamp-2"><!---->
    Shady Brook Farms Ground Turkey 93% Fat Free 7% Fat
  </a></div> <!----> <!----></div> <div class="skeleton-loader_wrapper"><div class="product-grid-cell_sizes"><span class="product-grid-cell_size">
    20.8 OZ PKG
  </span> <span aria-hidden="true">
    |
  </span> <!----> <span class="product-grid-cell_unit">
    $4.07 / LB
  </span></div> <!----></div> <!----> <!----> <!----> <!----> <!----> <!----> <!----></div> <div class="mobile-product-list-cell_bottom"><div class="mobile-product-list-cell_bottom_cart-ui-wrapper"><!----> <!----> <div class="pdl-add-to-cart"><div class="pdl-add-to-cart_button"><button aria-label="Add to cart" data-product-id="144676" data-price="5.29" class="button button--add-to-cart add-sale">
      Add to cart
      <!----></button> <!----> <!----> <!----></div> <!----></div></div> <!----></div></div></div> <div class="product-tile_action-items"><!----> <!----> <div class="shopping-list-menu_container"><div class="relative-el"><button aria-label="add to shopping list" class="button pdl-product-detail_top-icon button--fourth pdl-product-detail_top-icon--borderless"><!----> <div class="vector-icon-size--large"><svg xmlns="http://www.w3.org/2000/svg" aria-label="Shopping List Icon Add" viewBox="0 0 32 32" role="presentation" aria-hidden="true" focusable="false" class="vector-icon-color--dark-grey"><title lang="en">Shopping List Icon Add</title><desc></desc><g fill="" stroke=""><g><path d="M21.94066,15.3368884 L21.94066,12.8931995 C21.94066,12.3409148 22.3883752,11.8931995 22.94066,11.8931995 C23.4929447,11.8931995 23.94066,12.3409148 23.94066,12.8931995 L23.94066,15.3368884 L26.2522624,15.3368884 C26.8045471,15.3368884 27.2522624,15.7846037 27.2522624,16.3368884 C27.2522624,16.8891732 26.8045471,17.3368884 26.2522624,17.3368884 L23.94066,17.3368884 L23.94066,19.8787952 C23.94066,20.43108 23.4929447,20.8787952 22.94066,20.8787952 C22.3883752,20.8787952 21.94066,20.43108 21.94066,19.8787952 L21.94066,17.3368884 L19.2666667,17.3368884 C18.7143819,17.3368884 18.2666667,16.8891732 18.2666667,16.3368884 C18.2666667,15.7846037 18.7143819,15.3368884 19.2666667,15.3368884 L21.94066,15.3368884 Z M8,12 C7.44771525,12 7,11.5522847 7,11 C7,10.4477153 7.44771525,10 8,10 L19.1153581,10 C19.6676429,10 20.1153581,10.4477153 20.1153581,11 C20.1153581,11.5522847 19.6676429,12 19.1153581,12 L8,12 Z M8,17.3368884 C7.44771525,17.3368884 7,16.8891732 7,16.3368884 C7,15.7846037 7.44771525,15.3368884 8,15.3368884 L14.7200696,15.3368884 C15.2723543,15.3368884 15.7200696,15.7846037 15.7200696,16.3368884 C15.7200696,16.8891732 15.2723543,17.3368884 14.7200696,17.3368884 L8,17.3368884 Z M8,23 C7.44771525,23 7,22.5522847 7,22 C7,21.4477153 7.44771525,21 8,21 L19.1153581,21 C19.6676429,21 20.1153581,21.4477153 20.1153581,22 C20.1153581,22.5522847 19.6676429,23 19.1153581,23 L8,23 Z" fill="#000000" fill-rule="nonzero"></path></g></g></svg></div> <div class="pdl-product-detail_list-tooltip"><p>Add item to shopping list</p> <em></em></div></button></div></div></div> <!----></li> <!----><!----> <!----> <!----> <!----> <li tabindex="-1" data-product-id="39356" class="slot mobile-product-list-cell"><!----> <!----> <!----> <!----> <div class="mobile-product-list-cell_content"><div><!----> <div class="flag_outer-container"><!----> <!----> <!----> <!----></div></div> <div class="mobile-product-list-cell_left"><div><!----> <img src="data:image/svg+xml;base64,PD94bWwgdmVyc2lvbj0iMS4wIiBlbmNvZGluZz0idXRmLTgiPz4KPCEtLSBHZW5lcmF0ZWQgYnkgSWNvTW9vbi5pbyAtLT4KPCFET0NUWVBFIHN2ZyBQVUJMSUMgIi0vL1czQy8vRFREIFNWRyAxLjEvL0VOIiAiaHR0cDovL3d3dy53My5vcmcvR3JhcGhpY3MvU1ZHLzEuMS9EVEQvc3ZnMTEuZHRkIj4KPHN2ZyB2ZXJzaW9uPSIxLjEiIHhtbG5zPSJodHRwOi8vd3d3LnczLm9yZy8yMDAwL3N2ZyIgeG1sbnM6eGxpbms9Imh0dHA6Ly93d3cudzMub3JnLzE5OTkveGxpbmsiIHdpZHRoPSI0OCIgaGVpZ2h0PSI0OCIgdmlld0JveD0iMCAwIDQ4IDQ4Ij4KPGcgaWQ9Imljb21vb24taWdub3JlIj4KCTxsaW5lIHN0cm9rZS13aWR0aD0iMSIgeDE9IiIgeTE9IiIgeDI9IiIgeTI9IiIgc3Ryb2tlPSIjNDQ5RkRCIiBvcGFjaXR5PSIiPjwvbGluZT4KPC9nPgoJPHBhdGggZD0iTTM4LjQ4IDkuMDcwYzAuMjQ4IDAgMC40NSAwLjIwMiAwLjQ1IDAuNDV2MjguOTU5YzAgMC4yNDgtMC4yMDIgMC40NS0wLjQ1IDAuNDVoLTI4Ljk1OWMtMC4yNDggMC0wLjQ1LTAuMjAyLTAuNDUtMC40NXYtMjguOTU5YzAtMC4yNDggMC4yMDItMC40NSAwLjQ1LTAuNDVoMjguOTU5ek0zOC40OCA4aC0yOC45NTljLTAuODQgMC0xLjUyIDAuNjgxLTEuNTIgMS41MjF2MjguOTU5YzAgMC44NCAwLjY4MSAxLjUyMSAxLjUyIDEuNTIxaDI4Ljk1OWMwLjg0IDAgMS41Mi0wLjY4MSAxLjUyLTEuNTIxdi0yOC45NTljMC0wLjg0LTAuNjgxLTEuNTIxLTEuNTItMS41MjF2MHoiIG9wYWNpdHk9IjEiIHZpc2liaWxpdHk9ImZhbHNlIiBmaWxsPSIjZDdkN2Q3Ij48L3BhdGg+Cgk8cGF0aCBkPSJNMTIuMjI4IDM1LjIyNHYtMy4zMjljMC0wLjE0NSAwLjA1OC0wLjI4NSAwLjE2LTAuMzg4bDUuNTg3LTUuNTg3YzAuMjE0LTAuMjE0IDAuNTYxLTAuMjE0IDAuNzc1IDBsMi4xMTkgMi4xMTljMC4yMTQgMC4yMTQgMC41NjEgMC4yMTQgMC43NzUgMGw4LjE5MS04LjE5MmMwLjIxNC0wLjIxNCAwLjU2MS0wLjIxNCAwLjc3NSAwbDUgNWMwLjEwMyAwLjEwMyAwLjE2IDAuMjQyIDAuMTYgMC4zODh2OS45ODhjMCAwLjMwMy0wLjI0NSAwLjU0OC0wLjU0OCAwLjU0OGgtMjIuNDQ3Yy0wLjMwMyAwLTAuNTQ4LTAuMjQ1LTAuNTQ4LTAuNTQ4eiIgb3BhY2l0eT0iMSIgdmlzaWJpbGl0eT0iZmFsc2UiIGZpbGw9IiNkN2Q3ZDciPjwvcGF0aD4KCTxwYXRoIGQ9Ik0yMS41NDQgMTcuOTY3YzAgMS45ODItMS42MDYgMy41ODgtMy41ODggMy41ODhzLTMuNTg4LTEuNjA2LTMuNTg4LTMuNTg4YzAtMS45ODEgMS42MDYtMy41ODggMy41ODgtMy41ODhzMy41ODggMS42MDYgMy41ODggMy41ODh6IiBvcGFjaXR5PSIxIiB2aXNpYmlsaXR5PSJmYWxzZSIgZmlsbD0iI2Q3ZDdkNyI+PC9wYXRoPgo8L3N2Zz4K" alt="Atlantic Salmon Fillets Fresh" skeleton-box-size="9rem" class="product-grid-image object-contain"></div></div> <div class="mobile-product-list-cell_info"><div class="product-tile_detail"><div class="skeleton-loader_wrapper cursor-pointer"><div class="product-grid-cell_price-container product-grid-cell_price-container--mobile"><span class="product-grid-cell_main-price"><!---->
    $10.99
  </span> <!----></div> <!----></div> <!----></div> <div class="mobile-product-list-cell_name-content"><div class="skeleton-loader_wrapper"><div class="product-grid-cell_name"><a id="product-name-39356-16760862936638138" href="#" data-opens-modal="true" aria-haspopup="dialog" class="product-grid-cell_name-text product-grid-cell_name-text--clamp-2"><!---->
    Atlantic Salmon Fillets Fresh
  </a></div> <!----> <!----></div> <div class="skeleton-loader_wrapper"><div class="product-grid-cell_sizes"><span class="product-grid-cell_size">
    APX 1 LB
  </span> <span aria-hidden="true">
    |
  </span> <!----> <span class="product-grid-cell_unit">
    $10.99 / LB
  </span></div> <!----></div> <!----> <!----> <!----> <!----> <!----> <!----> <!----></div> <div class="mobile-product-list-cell_bottom"><div class="mobile-product-list-cell_bottom_cart-ui-wrapper"><!----> <!----> <div class="pdl-add-to-cart"><div class="pdl-add-to-cart_button"><button aria-label="Add to cart" data-product-id="39356" data-price="10.99" class="button button--add-to-cart">
      Add to cart
      <!----></button> <!----> <!----> <!----></div> <!----></div></div> <!----></div></div></div> <div class="product-tile_action-items"><!----> <!----> <div class="shopping-list-menu_container"><div class="relative-el"><button aria-label="add to shopping list" class="button pdl-product-detail_top-icon button--fourth pdl-product-detail_top-icon--borderless"><!----> <div class="vector-icon-size--large"><svg xmlns="http://www.w3.org/2000/svg" aria-label="Shopping List Icon Add" viewBox="0 0 32 32" role="presentation" aria-hidden="true" focusable="false" class="vector-icon-color--dark-grey"><title lang="en">Shopping List Icon Add</title><desc></desc><g fill="" stroke=""><g><path d="M21.94066,15.3368884 L21.94066,12.8931995 C21.94066,12.3409148 22.3883752,11.8931995 22.94066,11.8931995 C23.4929447,11.8931995 23.94066,12.3409148 23.94066,12.8931995 L23.94066,15.3368884 L26.2522624,15.3368884 C26.8045471,15.3368884 27.2522624,15.7846037 27.2522624,16.3368884 C27.2522624,16.8891732 26.8045471,17.3368884 26.2522624,17.3368884 L23.94066,17.3368884 L23.94066,19.8787952 C23.94066,20.43108 23.4929447,20.8787952 22.94066,20.8787952 C22.3883752,20.8787952 21.94066,20.43108 21.94066,19.8787952 L21.94066,17.3368884 L19.2666667,17.3368884 C18.7143819,17.3368884 18.2666667,16.8891732 18.2666667,16.3368884 C18.2666667,15.7846037 18.7143819,15.3368884 19.2666667,15.3368884 L21.94066,15.3368884 Z M8,12 C7.44771525,12 7,11.5522847 7,11 C7,10.4477153 7.44771525,10 8,10 L19.1153581,10 C19.6676429,10 20.1153581,10.4477153 20.1153581,11 C20.1153581,11.5522847 19.6676429,12 19.1153581,12 L8,12 Z M8,17.3368884 C7.44771525,17.3368884 7,16.8891732 7,16.3368884 C7,15.7846037 7.44771525,15.3368884 8,15.3368884 L14.7200696,15.3368884 C15.2723543,15.3368884 15.7200696,15.7846037 15.7200696,16.3368884 C15.7200696,16.8891732 15.2723543,17.3368884 14.7200696,17.3368884 L8,17.3368884 Z M8,23 C7.44771525,23 7,22.5522847 7,22 C7,21.4477153 7.44771525,21 8,21 L19.1153581,21 C19.6676429,21 20.1153581,21.4477153 20.1153581,22 C20.1153581,22.5522847 19.6676429,23 19.1153581,23 L8,23 Z" fill="#000000" fill-rule="nonzero"></path></g></g></svg></div> <div class="pdl-product-detail_list-tooltip"><p>Add item to shopping list</p> <em></em></div></button></div></div></div> <!----></li> <!----><!----> <!----> <!----> <!----> <li tabindex="-1" data-product-id="257304" class="slot mobile-product-list-cell"><!----> <!----> <!----> <!----> <div class="mobile-product-list-cell_content"><div><!----> <div class="flag_outer-container"><!----> <!----> <!----> <!----></div></div> <div class="mobile-product-list-cell_left"><div><!----> <img src="data:image/svg+xml;base64,PD94bWwgdmVyc2lvbj0iMS4wIiBlbmNvZGluZz0idXRmLTgiPz4KPCEtLSBHZW5lcmF0ZWQgYnkgSWNvTW9vbi5pbyAtLT4KPCFET0NUWVBFIHN2ZyBQVUJMSUMgIi0vL1czQy8vRFREIFNWRyAxLjEvL0VOIiAiaHR0cDovL3d3dy53My5vcmcvR3JhcGhpY3MvU1ZHLzEuMS9EVEQvc3ZnMTEuZHRkIj4KPHN2ZyB2ZXJzaW9uPSIxLjEiIHhtbG5zPSJodHRwOi8vd3d3LnczLm9yZy8yMDAwL3N2ZyIgeG1sbnM6eGxpbms9Imh0dHA6Ly93d3cudzMub3JnLzE5OTkveGxpbmsiIHdpZHRoPSI0OCIgaGVpZ2h0PSI0OCIgdmlld0JveD0iMCAwIDQ4IDQ4Ij4KPGcgaWQ9Imljb21vb24taWdub3JlIj4KCTxsaW5lIHN0cm9rZS13aWR0aD0iMSIgeDE9IiIgeTE9IiIgeDI9IiIgeTI9IiIgc3Ryb2tlPSIjNDQ5RkRCIiBvcGFjaXR5PSIiPjwvbGluZT4KPC9nPgoJPHBhdGggZD0iTTM4LjQ4IDkuMDcwYzAuMjQ4IDAgMC40NSAwLjIwMiAwLjQ1IDAuNDV2MjguOTU5YzAgMC4yNDgtMC4yMDIgMC40NS0wLjQ1IDAuNDVoLTI4Ljk1OWMtMC4yNDggMC0wLjQ1LTAuMjAyLTAuNDUtMC40NXYtMjguOTU5YzAtMC4yNDggMC4yMDItMC40NSAwLjQ1LTAuNDVoMjguOTU5ek0zOC40OCA4aC0yOC45NTljLTAuODQgMC0xLjUyIDAuNjgxLTEuNTIgMS41MjF2MjguOTU5YzAgMC44NCAwLjY4MSAxLjUyMSAxLjUyIDEuNTIxaDI4Ljk1OWMwLjg0IDAgMS41Mi0wLjY4MSAxLjUyLTEuNTIxdi0yOC45NTljMC0wLjg0LTAuNjgxLTEuNTIxLTEuNTItMS41MjF2MHoiIG9wYWNpdHk9IjEiIHZpc2liaWxpdHk9ImZhbHNlIiBmaWxsPSIjZDdkN2Q3Ij48L3BhdGg+Cgk8cGF0aCBkPSJNMTIuMjI4IDM1LjIyNHYtMy4zMjljMC0wLjE0NSAwLjA1OC0wLjI4NSAwLjE2LTAuMzg4bDUuNTg3LTUuNTg3YzAuMjE0LTAuMjE0IDAuNTYxLTAuMjE0IDAuNzc1IDBsMi4xMTkgMi4xMTljMC4yMTQgMC4yMTQgMC41NjEgMC4yMTQgMC43NzUgMGw4LjE5MS04LjE5MmMwLjIxNC0wLjIxNCAwLjU2MS0wLjIxNCAwLjc3NSAwbDUgNWMwLjEwMyAwLjEwMyAwLjE2IDAuMjQyIDAuMTYgMC4zODh2OS45ODhjMCAwLjMwMy0wLjI0NSAwLjU0OC0wLjU0OCAwLjU0OGgtMjIuNDQ3Yy0wLjMwMyAwLTAuNTQ4LTAuMjQ1LTAuNTQ4LTAuNTQ4eiIgb3BhY2l0eT0iMSIgdmlzaWJpbGl0eT0iZmFsc2UiIGZpbGw9IiNkN2Q3ZDciPjwvcGF0aD4KCTxwYXRoIGQ9Ik0yMS41NDQgMTcuOTY3YzAgMS45ODItMS42MDYgMy41ODgtMy41ODggMy41ODhzLTMuNTg4LTEuNjA2LTMuNTg4LTMuNTg4YzAtMS45ODEgMS42MDYtMy41ODggMy41ODgtMy41ODhzMy41ODggMS42MDYgMy41ODggMy41ODh6IiBvcGFjaXR5PSIxIiB2aXNpYmlsaXR5PSJmYWxzZSIgZmlsbD0iI2Q3ZDdkNyI+PC9wYXRoPgo8L3N2Zz4K" alt="Nature's Promise Rotisserie Chicken Whole (Hot Avail. 12pm - 8pm)" skeleton-box-size="9rem" class="product-grid-image object-contain"></div></div> <div class="mobile-product-list-cell_info"><div class="product-tile_detail"><div class="skeleton-loader_wrapper cursor-pointer"><div class="product-grid-cell_price-container product-grid-cell_price-container--mobile"><span class="product-grid-cell_main-price"><!---->
    $7.99
  </span> <!----></div> <!----></div> <!----></div> <div class="mobile-product-list-cell_name-content"><div class="skeleton-loader_wrapper"><div class="product-grid-cell_name"><a id="product-name-257304-16760862936738914" href="#" data-opens-modal="true" aria-haspopup="dialog" class="product-grid-cell_name-text product-grid-cell_name-text--clamp-2"><span class="vector-icon_inline-text--left mr-0"><div class="vector-icon-size--xsmall"><svg xmlns="http://www.w3.org/2000/svg" aria-label="Ahold Icon" viewBox="0 0 1024 945" role="presentation" aria-hidden="true" focusable="false" class=""><title lang="en">Ahold Icon</title><desc></desc><g fill="" stroke=""><g><path d="M1.893 730.617c-1.289-2.094-2.052-4.631-2.052-7.346 0-.747.058-1.481.169-2.197.158-12.396 10.227-22.466 22.687-22.634h895.306c12.476.168 22.545 10.237 22.713 22.698-.521 3.721-1.182 6.924-2.024 10.053l.131-.574c-86.363 175.072-263.598 293.385-468.466 293.385S88.254 905.689 3.252 733.663l-1.361-3.046z" fill="#F7A800" class="path1"></path> <path d="M107.889 132.495c1.893-1.893 1.893-3.786 3.786-5.678 2.98-3.491 7.385-5.69 12.303-5.69s9.323 2.199 12.284 5.668l.019.022L613.264 603.8c3.491 2.98 5.69 7.385 5.69 12.303s-2.199 9.323-5.668 12.284c-1.399 1.869-3.361 3.216-5.631 3.789l-.069.015c-38.446 13.732-82.796 21.669-129.001 21.669-108.416 0-206.626-43.699-277.977-114.443C130.241 467.591 86.799 369.1 86.799 260.462c0-45.803 7.722-89.803 21.936-130.767l-.845 2.8z" fill="#E2231A" class="path2"></path> <path d="M600.015 1.893a6.922 6.922 0 0 1 5.713-1.889c.057-.006.164-.007.272-.007 7.15 0 12.947 5.796 12.947 12.947 0 .108-.001.215-.004.322v-.016 503.482c.002.091.004.199.004.306 0 7.15-5.796 12.947-12.947 12.947-.108 0-.215-.001-.322-.004a6.925 6.925 0 0 1-5.665-1.895l.002.002c-98.273-48.542-164.673-148.065-164.673-263.098S501.743 50.434 598.306 2.657l1.709-.765z" fill="#712177" class="path3"></path> <path d="M938.824 283.919c1.893 0 1.893 1.893 3.786 1.893 1.765 2.012 2.841 4.666 2.841 7.571s-1.077 5.559-2.853 7.584l.011-.013-268.776 266.884c-2.012 1.765-4.666 2.841-7.571 2.841s-5.559-1.077-7.584-2.853a3.774 3.774 0 0 1-1.877-3.793l-.002.019c-7.681-21.529-12.12-46.363-12.12-72.235 0-61.263 24.891-116.712 65.111-156.786 39.326-39.792 93.895-64.431 154.219-64.431 26.857 0 52.573 4.884 76.309 13.812l-1.494-.493z" fill="#82BC00" class="path4"></path></g></g></svg></div></span>
    Nature's Promise Rotisserie Chicken Whole (Hot Avail. 12pm - 8pm)
  </a></div> <!----> <!----></div> <div class="skeleton-loader_wrapper"><div class="product-grid-cell_sizes"><span class="product-grid-cell_size">
    30 OZ PKG
  </span> <span aria-hidden="true">
    |
  </span> <!----> <span class="product-grid-cell_unit">
    $4.25 / LB
  </span></div> <!----></div> <!----> <div id="coupon-link-257304-16760862936738914" tabindex="0" role="link" aria-label="Open coupon details" data-opens-modal="true" class="product-tile_coupon-offer product-tile_coupon-offer-eci product-tile_coupon-offer--mobile" is-mobile="true"><div class="product-tile_coupon-offer-display"><!----> <div class="vector-icon_mobile-center"><!----></div> <div class="product-tile_coupon-offer-name flex-center product-tile_coupon-offer-name--full-tile"><!---->
      $5 off instantly on Nature's Promise Rotisserie Chicken or 8 Piece Fried Chicken when you buy 2 Reser's Sides or Deli Salads
    </div></div> <!----> <div class="product-tile_coupon-offer-loading-coupon"><!----></div></div> <!----> <!----> <!----> <!----> <!----></div> <div class="mobile-product-list-cell_bottom"><div class="mobile-product-list-cell_bottom_cart-ui-wrapper"><!----> <!----> <div class="pdl-add-to-cart"><div class="pdl-add-to-cart_button"><button aria-label="Add to cart" data-product-id="257304" data-price="7.99" class="button button--add-to-cart">
      Add to cart
      <!----></button> <!----> <!----> <!----></div> <!----></div></div> <!----></div></div></div> <div class="product-tile_action-items"><!----> <!----> <div class="shopping-list-menu_container"><div class="relative-el"><button aria-label="add to shopping list" class="button pdl-product-detail_top-icon button--fourth pdl-product-detail_top-icon--borderless"><!----> <div class="vector-icon-size--large"><svg xmlns="http://www.w3.org/2000/svg" aria-label="Shopping List Icon Add" viewBox="0 0 32 32" role="presentation" aria-hidden="true" focusable="false" class="vector-icon-color--dark-grey"><title lang="en">Shopping List Icon Add</title><desc></desc><g fill="" stroke=""><g><path d="M21.94066,15.3368884 L21.94066,12.8931995 C21.94066,12.3409148 22.3883752,11.8931995 22.94066,11.8931995 C23.4929447,11.8931995 23.94066,12.3409148 23.94066,12.8931995 L23.94066,15.3368884 L26.2522624,15.3368884 C26.8045471,15.3368884 27.2522624,15.7846037 27.2522624,16.3368884 C27.2522624,16.8891732 26.8045471,17.3368884 26.2522624,17.3368884 L23.94066,17.3368884 L23.94066,19.8787952 C23.94066,20.43108 23.4929447,20.8787952 22.94066,20.8787952 C22.3883752,20.8787952 21.94066,20.43108 21.94066,19.8787952 L21.94066,17.3368884 L19.2666667,17.3368884 C18.7143819,17.3368884 18.2666667,16.8891732 18.2666667,16.3368884 C18.2666667,15.7846037 18.7143819,15.3368884 19.2666667,15.3368884 L21.94066,15.3368884 Z M8,12 C7.44771525,12 7,11.5522847 7,11 C7,10.4477153 7.44771525,10 8,10 L19.1153581,10 C19.6676429,10 20.1153581,10.4477153 20.1153581,11 C20.1153581,11.5522847 19.6676429,12 19.1153581,12 L8,12 Z M8,17.3368884 C7.44771525,17.3368884 7,16.8891732 7,16.3368884 C7,15.7846037 7.44771525,15.3368884 8,15.3368884 L14.7200696,15.3368884 C15.2723543,15.3368884 15.7200696,15.7846037 15.7200696,16.3368884 C15.7200696,16.8891732 15.2723543,17.3368884 14.7200696,17.3368884 L8,17.3368884 Z M8,23 C7.44771525,23 7,22.5522847 7,22 C7,21.4477153 7.44771525,21 8,21 L19.1153581,21 C19.6676429,21 20.1153581,21.4477153 20.1153581,22 C20.1153581,22.5522847 19.6676429,23 19.1153581,23 L8,23 Z" fill="#000000" fill-rule="nonzero"></path></g></g></svg></div> <div class="pdl-product-detail_list-tooltip"><p>Add item to shopping list</p> <em></em></div></button></div></div></div> <!----></li> <!----><!----> <!----> <!----> <!----> <li tabindex="-1" data-product-id="118802" class="slot mobile-product-list-cell"><!----> <!----> <!----> <!----> <div class="mobile-product-list-cell_content"><div><!----> <div class="flag_outer-container"><div class=""><svg xmlns="http://www.w3.org/2000/svg" aria-label="Sale" viewBox="0 0 32 32" role="presentation" aria-hidden="true" focusable="false" class="w-20 ml-3"><title lang="en">Sale</title><desc></desc><g fill="" stroke=""><g><path d="M16.56 19.87a3.81 3.81 0 0 1-1-.13l-13.39-3.5a1.5 1.5 0 0 1-1.12-1.34l-.81-11a1.52 1.52 0 0 1 1.39-1.61l27.69-2h.11a1.51 1.51 0 0 1 1.5 1.4l.82 11a1.52 1.52 0 0 1-.91 1.5l-12.72 5.36a3.79 3.79 0 0 1-1.56.32Z" fill="#ed1256"></path><path fill="#fff" d="M29.43.48a1.26 1.26 0 0 1 1.26 1.17l.82 11a1.27 1.27 0 0 1-.76 1.26L18 19.34a3.72 3.72 0 0 1-1.47.3 3.79 3.79 0 0 1-.94-.12L2.24 16a1.27 1.27 0 0 1-1-1.13l-.81-11a1.26 1.26 0 0 1 1.22-1.33L29.34.48h.09m0-.48h-.13L1.62 2A1.76 1.76 0 0 0 0 3.92l.82 11a1.73 1.73 0 0 0 1.3 1.55L15.5 20a4.3 4.3 0 0 0 1.07.14 4.24 4.24 0 0 0 1.65-.34l12.72-5.44A1.76 1.76 0 0 0 32 12.59l-.82-11A1.76 1.76 0 0 0 29.43 0Z"></path><path fill="#fff" d="M3.74 9.87a3 3 0 0 0 .82.55 2.21 2.21 0 0 0 1.08.19 1.6 1.6 0 0 0 .29 0 1 1 0 0 0 .26-.12.58.58 0 0 0 .18-.2.62.62 0 0 0 0-.31.59.59 0 0 0-.32-.49 3.38 3.38 0 0 0-.85-.34L4.84 9a4.19 4.19 0 0 1-.69-.26 2.44 2.44 0 0 1-.63-.41 1.92 1.92 0 0 1-.7-1.42 2.68 2.68 0 0 1 .1-1A2.2 2.2 0 0 1 3.39 5a2.42 2.42 0 0 1 .82-.6 3.15 3.15 0 0 1 1.17-.28 3.68 3.68 0 0 1 1.72.24 3 3 0 0 1 .57.29A2.66 2.66 0 0 1 8 5l-.82 1.37a4.42 4.42 0 0 0-.82-.45 2 2 0 0 0-.85-.13 1.4 1.4 0 0 0-.28.06A.9.9 0 0 0 5 6a.62.62 0 0 0-.16.2.5.5 0 0 0 0 .28.6.6 0 0 0 .1.31.68.68 0 0 0 .24.2 1.27 1.27 0 0 0 .35.15l.43.13.35.09a7.49 7.49 0 0 1 .69.22 2.2 2.2 0 0 1 .72.42 2.46 2.46 0 0 1 .54.68 2.31 2.31 0 0 1 .27 1 2.15 2.15 0 0 1-.15 1 2.53 2.53 0 0 1-.56.84 2.77 2.77 0 0 1-.88.59 4 4 0 0 1-1.11.27A4.67 4.67 0 0 1 4 12.25a3.79 3.79 0 0 1-1.28-.75ZM11.29 3.89l2.17-.16 3.1 7.7-2 .15L14 10l-2.39.18-.35 1.67-2 .14Zm2.15 4.6-1-2.84-.61 2.95ZM17 3.47l1.89-.14.44 6 3.3-.25.16 1.92-5.19.39ZM23.36 3l5.13-.38.13 1.8-3.24.24.09 1.22 2.66-.2.12 1.7-2.65.2.09 1.35 3.46-.26.13 1.81-5.34.4Z"></path></g></g></svg></div> <!----> <!----> <!----></div></div> <div class="mobile-product-list-cell_left"><div><!----> <img src="data:image/svg+xml;base64,PD94bWwgdmVyc2lvbj0iMS4wIiBlbmNvZGluZz0idXRmLTgiPz4KPCEtLSBHZW5lcmF0ZWQgYnkgSWNvTW9vbi5pbyAtLT4KPCFET0NUWVBFIHN2ZyBQVUJMSUMgIi0vL1czQy8vRFREIFNWRyAxLjEvL0VOIiAiaHR0cDovL3d3dy53My5vcmcvR3JhcGhpY3MvU1ZHLzEuMS9EVEQvc3ZnMTEuZHRkIj4KPHN2ZyB2ZXJzaW9uPSIxLjEiIHhtbG5zPSJodHRwOi8vd3d3LnczLm9yZy8yMDAwL3N2ZyIgeG1sbnM6eGxpbms9Imh0dHA6Ly93d3cudzMub3JnLzE5OTkveGxpbmsiIHdpZHRoPSI0OCIgaGVpZ2h0PSI0OCIgdmlld0JveD0iMCAwIDQ4IDQ4Ij4KPGcgaWQ9Imljb21vb24taWdub3JlIj4KCTxsaW5lIHN0cm9rZS13aWR0aD0iMSIgeDE9IiIgeTE9IiIgeDI9IiIgeTI9IiIgc3Ryb2tlPSIjNDQ5RkRCIiBvcGFjaXR5PSIiPjwvbGluZT4KPC9nPgoJPHBhdGggZD0iTTM4LjQ4IDkuMDcwYzAuMjQ4IDAgMC40NSAwLjIwMiAwLjQ1IDAuNDV2MjguOTU5YzAgMC4yNDgtMC4yMDIgMC40NS0wLjQ1IDAuNDVoLTI4Ljk1OWMtMC4yNDggMC0wLjQ1LTAuMjAyLTAuNDUtMC40NXYtMjguOTU5YzAtMC4yNDggMC4yMDItMC40NSAwLjQ1LTAuNDVoMjguOTU5ek0zOC40OCA4aC0yOC45NTljLTAuODQgMC0xLjUyIDAuNjgxLTEuNTIgMS41MjF2MjguOTU5YzAgMC44NCAwLjY4MSAxLjUyMSAxLjUyIDEuNTIxaDI4Ljk1OWMwLjg0IDAgMS41Mi0wLjY4MSAxLjUyLTEuNTIxdi0yOC45NTljMC0wLjg0LTAuNjgxLTEuNTIxLTEuNTItMS41MjF2MHoiIG9wYWNpdHk9IjEiIHZpc2liaWxpdHk9ImZhbHNlIiBmaWxsPSIjZDdkN2Q3Ij48L3BhdGg+Cgk8cGF0aCBkPSJNMTIuMjI4IDM1LjIyNHYtMy4zMjljMC0wLjE0NSAwLjA1OC0wLjI4NSAwLjE2LTAuMzg4bDUuNTg3LTUuNTg3YzAuMjE0LTAuMjE0IDAuNTYxLTAuMjE0IDAuNzc1IDBsMi4xMTkgMi4xMTljMC4yMTQgMC4yMTQgMC41NjEgMC4yMTQgMC43NzUgMGw4LjE5MS04LjE5MmMwLjIxNC0wLjIxNCAwLjU2MS0wLjIxNCAwLjc3NSAwbDUgNWMwLjEwMyAwLjEwMyAwLjE2IDAuMjQyIDAuMTYgMC4zODh2OS45ODhjMCAwLjMwMy0wLjI0NSAwLjU0OC0wLjU0OCAwLjU0OGgtMjIuNDQ3Yy0wLjMwMyAwLTAuNTQ4LTAuMjQ1LTAuNTQ4LTAuNTQ4eiIgb3BhY2l0eT0iMSIgdmlzaWJpbGl0eT0iZmFsc2UiIGZpbGw9IiNkN2Q3ZDciPjwvcGF0aD4KCTxwYXRoIGQ9Ik0yMS41NDQgMTcuOTY3YzAgMS45ODItMS42MDYgMy41ODgtMy41ODggMy41ODhzLTMuNTg4LTEuNjA2LTMuNTg4LTMuNTg4YzAtMS45ODEgMS42MDYtMy41ODggMy41ODgtMy41ODhzMy41ODggMS42MDYgMy41ODggMy41ODh6IiBvcGFjaXR5PSIxIiB2aXNpYmlsaXR5PSJmYWxzZSIgZmlsbD0iI2Q3ZDdkNyI+PC9wYXRoPgo8L3N2Zz4K" alt="Potatoes Gold" skeleton-box-size="9rem" class="product-grid-image object-contain"></div></div> <div class="mobile-product-list-cell_info"><div class="product-tile_detail"><div class="skeleton-loader_wrapper cursor-pointer"><div class="product-grid-cell_price-container product-grid-cell_price-container_column product-grid-cell_price-container--mobile"><span class="product-grid-cell_main-price product-grid-cell_main-price--on-sale"><span class="sr-only">
      Sale Price
    </span>
    $3.99
  </span> <div class="product-grid-cell_was-container"><span class="product-grid-cell_regular-price product-grid-cell_regular-price--small"><span class="sr-only">
        Original Price
      </span>
      $4.79
    </span></div></div> <!----></div> <!----></div> <div class="mobile-product-list-cell_name-content"><div class="skeleton-loader_wrapper"><div class="product-grid-cell_name"><a id="product-name-118802-16760862936784928" href="#" data-opens-modal="true" aria-haspopup="dialog" class="product-grid-cell_name-text product-grid-cell_name-text--clamp-2"><!---->
    Potatoes Gold
  </a></div> <!----> <!----></div> <div class="skeleton-loader_wrapper"><div class="product-grid-cell_sizes"><span class="product-grid-cell_size">
    5 LB BAG
  </span> <span aria-hidden="true">
    |
  </span> <!----> <span class="product-grid-cell_unit">
    $0.05 / OZ
  </span></div> <!----></div> <!----> <!----> <!----> <!----> <!----> <!----> <!----></div> <div class="mobile-product-list-cell_bottom"><div class="mobile-product-list-cell_bottom_cart-ui-wrapper"><!----> <!----> <div class="pdl-add-to-cart"><div class="pdl-add-to-cart_button"><button aria-label="Add to cart" data-product-id="118802" data-price="3.99" class="button button--add-to-cart add-sale">
      Add to cart
      <!----></button> <!----> <!----> <!----></div> <!----></div></div> <!----></div></div></div> <div class="product-tile_action-items"><!----> <!----> <div class="shopping-list-menu_container"><div class="relative-el"><button aria-label="add to shopping list" class="button pdl-product-detail_top-icon button--fourth pdl-product-detail_top-icon--borderless"><!----> <div class="vector-icon-size--large"><svg xmlns="http://www.w3.org/2000/svg" aria-label="Shopping List Icon Add" viewBox="0 0 32 32" role="presentation" aria-hidden="true" focusable="false" class="vector-icon-color--dark-grey"><title lang="en">Shopping List Icon Add</title><desc></desc><g fill="" stroke=""><g><path d="M21.94066,15.3368884 L21.94066,12.8931995 C21.94066,12.3409148 22.3883752,11.8931995 22.94066,11.8931995 C23.4929447,11.8931995 23.94066,12.3409148 23.94066,12.8931995 L23.94066,15.3368884 L26.2522624,15.3368884 C26.8045471,15.3368884 27.2522624,15.7846037 27.2522624,16.3368884 C27.2522624,16.8891732 26.8045471,17.3368884 26.2522624,17.3368884 L23.94066,17.3368884 L23.94066,19.8787952 C23.94066,20.43108 23.4929447,20.8787952 22.94066,20.8787952 C22.3883752,20.8787952 21.94066,20.43108 21.94066,19.8787952 L21.94066,17.3368884 L19.2666667,17.3368884 C18.7143819,17.3368884 18.2666667,16.8891732 18.2666667,16.3368884 C18.2666667,15.7846037 18.7143819,15.3368884 19.2666667,15.3368884 L21.94066,15.3368884 Z M8,12 C7.44771525,12 7,11.5522847 7,11 C7,10.4477153 7.44771525,10 8,10 L19.1153581,10 C19.6676429,10 20.1153581,10.4477153 20.1153581,11 C20.1153581,11.5522847 19.6676429,12 19.1153581,12 L8,12 Z M8,17.3368884 C7.44771525,17.3368884 7,16.8891732 7,16.3368884 C7,15.7846037 7.44771525,15.3368884 8,15.3368884 L14.7200696,15.3368884 C15.2723543,15.3368884 15.7200696,15.7846037 15.7200696,16.3368884 C15.7200696,16.8891732 15.2723543,17.3368884 14.7200696,17.3368884 L8,17.3368884 Z M8,23 C7.44771525,23 7,22.5522847 7,22 C7,21.4477153 7.44771525,21 8,21 L19.1153581,21 C19.6676429,21 20.1153581,21.4477153 20.1153581,22 C20.1153581,22.5522847 19.6676429,23 19.1153581,23 L8,23 Z" fill="#000000" fill-rule="nonzero"></path></g></g></svg></div> <div class="pdl-product-detail_list-tooltip"><p>Add item to shopping list</p> <em></em></div></button></div></div></div> <!----></li> <!----><!----> <!----> <!----> <!----> <li tabindex="-1" data-product-id="118796" class="slot mobile-product-list-cell"><!----> <!----> <!----> <!----> <div class="mobile-product-list-cell_content"><div><!----> <div class="flag_outer-container"><div class=""><svg xmlns="http://www.w3.org/2000/svg" aria-label="Sale" viewBox="0 0 32 32" role="presentation" aria-hidden="true" focusable="false" class="w-20 ml-3"><title lang="en">Sale</title><desc></desc><g fill="" stroke=""><g><path d="M16.56 19.87a3.81 3.81 0 0 1-1-.13l-13.39-3.5a1.5 1.5 0 0 1-1.12-1.34l-.81-11a1.52 1.52 0 0 1 1.39-1.61l27.69-2h.11a1.51 1.51 0 0 1 1.5 1.4l.82 11a1.52 1.52 0 0 1-.91 1.5l-12.72 5.36a3.79 3.79 0 0 1-1.56.32Z" fill="#ed1256"></path><path fill="#fff" d="M29.43.48a1.26 1.26 0 0 1 1.26 1.17l.82 11a1.27 1.27 0 0 1-.76 1.26L18 19.34a3.72 3.72 0 0 1-1.47.3 3.79 3.79 0 0 1-.94-.12L2.24 16a1.27 1.27 0 0 1-1-1.13l-.81-11a1.26 1.26 0 0 1 1.22-1.33L29.34.48h.09m0-.48h-.13L1.62 2A1.76 1.76 0 0 0 0 3.92l.82 11a1.73 1.73 0 0 0 1.3 1.55L15.5 20a4.3 4.3 0 0 0 1.07.14 4.24 4.24 0 0 0 1.65-.34l12.72-5.44A1.76 1.76 0 0 0 32 12.59l-.82-11A1.76 1.76 0 0 0 29.43 0Z"></path><path fill="#fff" d="M3.74 9.87a3 3 0 0 0 .82.55 2.21 2.21 0 0 0 1.08.19 1.6 1.6 0 0 0 .29 0 1 1 0 0 0 .26-.12.58.58 0 0 0 .18-.2.62.62 0 0 0 0-.31.59.59 0 0 0-.32-.49 3.38 3.38 0 0 0-.85-.34L4.84 9a4.19 4.19 0 0 1-.69-.26 2.44 2.44 0 0 1-.63-.41 1.92 1.92 0 0 1-.7-1.42 2.68 2.68 0 0 1 .1-1A2.2 2.2 0 0 1 3.39 5a2.42 2.42 0 0 1 .82-.6 3.15 3.15 0 0 1 1.17-.28 3.68 3.68 0 0 1 1.72.24 3 3 0 0 1 .57.29A2.66 2.66 0 0 1 8 5l-.82 1.37a4.42 4.42 0 0 0-.82-.45 2 2 0 0 0-.85-.13 1.4 1.4 0 0 0-.28.06A.9.9 0 0 0 5 6a.62.62 0 0 0-.16.2.5.5 0 0 0 0 .28.6.6 0 0 0 .1.31.68.68 0 0 0 .24.2 1.27 1.27 0 0 0 .35.15l.43.13.35.09a7.49 7.49 0 0 1 .69.22 2.2 2.2 0 0 1 .72.42 2.46 2.46 0 0 1 .54.68 2.31 2.31 0 0 1 .27 1 2.15 2.15 0 0 1-.15 1 2.53 2.53 0 0 1-.56.84 2.77 2.77 0 0 1-.88.59 4 4 0 0 1-1.11.27A4.67 4.67 0 0 1 4 12.25a3.79 3.79 0 0 1-1.28-.75ZM11.29 3.89l2.17-.16 3.1 7.7-2 .15L14 10l-2.39.18-.35 1.67-2 .14Zm2.15 4.6-1-2.84-.61 2.95ZM17 3.47l1.89-.14.44 6 3.3-.25.16 1.92-5.19.39ZM23.36 3l5.13-.38.13 1.8-3.24.24.09 1.22 2.66-.2.12 1.7-2.65.2.09 1.35 3.46-.26.13 1.81-5.34.4Z"></path></g></g></svg></div> <!----> <!----> <!----></div></div> <div class="mobile-product-list-cell_left"><div><!----> <img src="data:image/svg+xml;base64,PD94bWwgdmVyc2lvbj0iMS4wIiBlbmNvZGluZz0idXRmLTgiPz4KPCEtLSBHZW5lcmF0ZWQgYnkgSWNvTW9vbi5pbyAtLT4KPCFET0NUWVBFIHN2ZyBQVUJMSUMgIi0vL1czQy8vRFREIFNWRyAxLjEvL0VOIiAiaHR0cDovL3d3dy53My5vcmcvR3JhcGhpY3MvU1ZHLzEuMS9EVEQvc3ZnMTEuZHRkIj4KPHN2ZyB2ZXJzaW9uPSIxLjEiIHhtbG5zPSJodHRwOi8vd3d3LnczLm9yZy8yMDAwL3N2ZyIgeG1sbnM6eGxpbms9Imh0dHA6Ly93d3cudzMub3JnLzE5OTkveGxpbmsiIHdpZHRoPSI0OCIgaGVpZ2h0PSI0OCIgdmlld0JveD0iMCAwIDQ4IDQ4Ij4KPGcgaWQ9Imljb21vb24taWdub3JlIj4KCTxsaW5lIHN0cm9rZS13aWR0aD0iMSIgeDE9IiIgeTE9IiIgeDI9IiIgeTI9IiIgc3Ryb2tlPSIjNDQ5RkRCIiBvcGFjaXR5PSIiPjwvbGluZT4KPC9nPgoJPHBhdGggZD0iTTM4LjQ4IDkuMDcwYzAuMjQ4IDAgMC40NSAwLjIwMiAwLjQ1IDAuNDV2MjguOTU5YzAgMC4yNDgtMC4yMDIgMC40NS0wLjQ1IDAuNDVoLTI4Ljk1OWMtMC4yNDggMC0wLjQ1LTAuMjAyLTAuNDUtMC40NXYtMjguOTU5YzAtMC4yNDggMC4yMDItMC40NSAwLjQ1LTAuNDVoMjguOTU5ek0zOC40OCA4aC0yOC45NTljLTAuODQgMC0xLjUyIDAuNjgxLTEuNTIgMS41MjF2MjguOTU5YzAgMC44NCAwLjY4MSAxLjUyMSAxLjUyIDEuNTIxaDI4Ljk1OWMwLjg0IDAgMS41Mi0wLjY4MSAxLjUyLTEuNTIxdi0yOC45NTljMC0wLjg0LTAuNjgxLTEuNTIxLTEuNTItMS41MjF2MHoiIG9wYWNpdHk9IjEiIHZpc2liaWxpdHk9ImZhbHNlIiBmaWxsPSIjZDdkN2Q3Ij48L3BhdGg+Cgk8cGF0aCBkPSJNMTIuMjI4IDM1LjIyNHYtMy4zMjljMC0wLjE0NSAwLjA1OC0wLjI4NSAwLjE2LTAuMzg4bDUuNTg3LTUuNTg3YzAuMjE0LTAuMjE0IDAuNTYxLTAuMjE0IDAuNzc1IDBsMi4xMTkgMi4xMTljMC4yMTQgMC4yMTQgMC41NjEgMC4yMTQgMC43NzUgMGw4LjE5MS04LjE5MmMwLjIxNC0wLjIxNCAwLjU2MS0wLjIxNCAwLjc3NSAwbDUgNWMwLjEwMyAwLjEwMyAwLjE2IDAuMjQyIDAuMTYgMC4zODh2OS45ODhjMCAwLjMwMy0wLjI0NSAwLjU0OC0wLjU0OCAwLjU0OGgtMjIuNDQ3Yy0wLjMwMyAwLTAuNTQ4LTAuMjQ1LTAuNTQ4LTAuNTQ4eiIgb3BhY2l0eT0iMSIgdmlzaWJpbGl0eT0iZmFsc2UiIGZpbGw9IiNkN2Q3ZDciPjwvcGF0aD4KCTxwYXRoIGQ9Ik0yMS41NDQgMTcuOTY3YzAgMS45ODItMS42MDYgMy41ODgtMy41ODggMy41ODhzLTMuNTg4LTEuNjA2LTMuNTg4LTMuNTg4YzAtMS45ODEgMS42MDYtMy41ODggMy41ODgtMy41ODhzMy41ODggMS42MDYgMy41ODggMy41ODh6IiBvcGFjaXR5PSIxIiB2aXNpYmlsaXR5PSJmYWxzZSIgZmlsbD0iI2Q3ZDdkNyI+PC9wYXRoPgo8L3N2Zz4K" alt="Strawberries" skeleton-box-size="9rem" class="product-grid-image object-contain"></div></div> <div class="mobile-product-list-cell_info"><div class="product-tile_detail"><div class="skeleton-loader_wrapper cursor-pointer"><div class="product-grid-cell_price-container product-grid-cell_price-container_column product-grid-cell_price-container--mobile"><span class="product-grid-cell_main-price product-grid-cell_main-price--on-sale"><span class="sr-only">
      Sale Price
    </span>
    $7.99
  </span> <div class="product-grid-cell_was-container"><span class="product-grid-cell_regular-price product-grid-cell_regular-price--small"><span class="sr-only">
        Original Price
      </span>
      $8.99
    </span></div></div> <!----></div> <!----></div> <div class="mobile-product-list-cell_name-content"><div class="skeleton-loader_wrapper"><div class="product-grid-cell_name"><a id="product-name-118796-16760862936802996" href="#" data-opens-modal="true" aria-haspopup="dialog" class="product-grid-cell_name-text product-grid-cell_name-text--clamp-2"><!---->
    Strawberries
  </a></div> <!----> <!----></div> <div class="skeleton-loader_wrapper"><div class="product-grid-cell_sizes"><span class="product-grid-cell_size">
    32 OZ PKG
  </span> <span aria-hidden="true">
    |
  </span> <!----> <span class="product-grid-cell_unit">
    $0.25 / OZ
  </span></div> <!----></div> <!----> <!----> <!----> <!----> <!----> <!----> <!----></div> <div class="mobile-product-list-cell_bottom"><div class="mobile-product-list-cell_bottom_cart-ui-wrapper"><!----> <!----> <div class="pdl-add-to-cart"><div class="pdl-add-to-cart_button"><button aria-label="Add to cart" data-product-id="118796" data-price="7.99" class="button button--add-to-cart add-sale">
      Add to cart
      <!----></button> <!----> <!----> <!----></div> <!----></div></div> <!----></div></div></div> <div class="product-tile_action-items"><!----> <!----> <div class="shopping-list-menu_container"><div class="relative-el"><button aria-label="add to shopping list" class="button pdl-product-detail_top-icon button--fourth pdl-product-detail_top-icon--borderless"><!----> <div class="vector-icon-size--large"><svg xmlns="http://www.w3.org/2000/svg" aria-label="Shopping List Icon Add" viewBox="0 0 32 32" role="presentation" aria-hidden="true" focusable="false" class="vector-icon-color--dark-grey"><title lang="en">Shopping List Icon Add</title><desc></desc><g fill="" stroke=""><g><path d="M21.94066,15.3368884 L21.94066,12.8931995 C21.94066,12.3409148 22.3883752,11.8931995 22.94066,11.8931995 C23.4929447,11.8931995 23.94066,12.3409148 23.94066,12.8931995 L23.94066,15.3368884 L26.2522624,15.3368884 C26.8045471,15.3368884 27.2522624,15.7846037 27.2522624,16.3368884 C27.2522624,16.8891732 26.8045471,17.3368884 26.2522624,17.3368884 L23.94066,17.3368884 L23.94066,19.8787952 C23.94066,20.43108 23.4929447,20.8787952 22.94066,20.8787952 C22.3883752,20.8787952 21.94066,20.43108 21.94066,19.8787952 L21.94066,17.3368884 L19.2666667,17.3368884 C18.7143819,17.3368884 18.2666667,16.8891732 18.2666667,16.3368884 C18.2666667,15.7846037 18.7143819,15.3368884 19.2666667,15.3368884 L21.94066,15.3368884 Z M8,12 C7.44771525,12 7,11.5522847 7,11 C7,10.4477153 7.44771525,10 8,10 L19.1153581,10 C19.6676429,10 20.1153581,10.4477153 20.1153581,11 C20.1153581,11.5522847 19.6676429,12 19.1153581,12 L8,12 Z M8,17.3368884 C7.44771525,17.3368884 7,16.8891732 7,16.3368884 C7,15.7846037 7.44771525,15.3368884 8,15.3368884 L14.7200696,15.3368884 C15.2723543,15.3368884 15.7200696,15.7846037 15.7200696,16.3368884 C15.7200696,16.8891732 15.2723543,17.3368884 14.7200696,17.3368884 L8,17.3368884 Z M8,23 C7.44771525,23 7,22.5522847 7,22 C7,21.4477153 7.44771525,21 8,21 L19.1153581,21 C19.6676429,21 20.1153581,21.4477153 20.1153581,22 C20.1153581,22.5522847 19.6676429,23 19.1153581,23 L8,23 Z" fill="#000000" fill-rule="nonzero"></path></g></g></svg></div> <div class="pdl-product-detail_list-tooltip"><p>Add item to shopping list</p> <em></em></div></button></div></div></div> <!----></li> <!----><!----> <!----> <!----> <!----> <li tabindex="-1" data-product-id="305763" class="slot mobile-product-list-cell"><!----> <!----> <!----> <!----> <div class="mobile-product-list-cell_content"><div><!----> <div class="flag_outer-container"><div class=""><svg xmlns="http://www.w3.org/2000/svg" aria-label="Sale" viewBox="0 0 32 32" role="presentation" aria-hidden="true" focusable="false" class="w-20 ml-3"><title lang="en">Sale</title><desc></desc><g fill="" stroke=""><g><path d="M16.56 19.87a3.81 3.81 0 0 1-1-.13l-13.39-3.5a1.5 1.5 0 0 1-1.12-1.34l-.81-11a1.52 1.52 0 0 1 1.39-1.61l27.69-2h.11a1.51 1.51 0 0 1 1.5 1.4l.82 11a1.52 1.52 0 0 1-.91 1.5l-12.72 5.36a3.79 3.79 0 0 1-1.56.32Z" fill="#ed1256"></path><path fill="#fff" d="M29.43.48a1.26 1.26 0 0 1 1.26 1.17l.82 11a1.27 1.27 0 0 1-.76 1.26L18 19.34a3.72 3.72 0 0 1-1.47.3 3.79 3.79 0 0 1-.94-.12L2.24 16a1.27 1.27 0 0 1-1-1.13l-.81-11a1.26 1.26 0 0 1 1.22-1.33L29.34.48h.09m0-.48h-.13L1.62 2A1.76 1.76 0 0 0 0 3.92l.82 11a1.73 1.73 0 0 0 1.3 1.55L15.5 20a4.3 4.3 0 0 0 1.07.14 4.24 4.24 0 0 0 1.65-.34l12.72-5.44A1.76 1.76 0 0 0 32 12.59l-.82-11A1.76 1.76 0 0 0 29.43 0Z"></path><path fill="#fff" d="M3.74 9.87a3 3 0 0 0 .82.55 2.21 2.21 0 0 0 1.08.19 1.6 1.6 0 0 0 .29 0 1 1 0 0 0 .26-.12.58.58 0 0 0 .18-.2.62.62 0 0 0 0-.31.59.59 0 0 0-.32-.49 3.38 3.38 0 0 0-.85-.34L4.84 9a4.19 4.19 0 0 1-.69-.26 2.44 2.44 0 0 1-.63-.41 1.92 1.92 0 0 1-.7-1.42 2.68 2.68 0 0 1 .1-1A2.2 2.2 0 0 1 3.39 5a2.42 2.42 0 0 1 .82-.6 3.15 3.15 0 0 1 1.17-.28 3.68 3.68 0 0 1 1.72.24 3 3 0 0 1 .57.29A2.66 2.66 0 0 1 8 5l-.82 1.37a4.42 4.42 0 0 0-.82-.45 2 2 0 0 0-.85-.13 1.4 1.4 0 0 0-.28.06A.9.9 0 0 0 5 6a.62.62 0 0 0-.16.2.5.5 0 0 0 0 .28.6.6 0 0 0 .1.31.68.68 0 0 0 .24.2 1.27 1.27 0 0 0 .35.15l.43.13.35.09a7.49 7.49 0 0 1 .69.22 2.2 2.2 0 0 1 .72.42 2.46 2.46 0 0 1 .54.68 2.31 2.31 0 0 1 .27 1 2.15 2.15 0 0 1-.15 1 2.53 2.53 0 0 1-.56.84 2.77 2.77 0 0 1-.88.59 4 4 0 0 1-1.11.27A4.67 4.67 0 0 1 4 12.25a3.79 3.79 0 0 1-1.28-.75ZM11.29 3.89l2.17-.16 3.1 7.7-2 .15L14 10l-2.39.18-.35 1.67-2 .14Zm2.15 4.6-1-2.84-.61 2.95ZM17 3.47l1.89-.14.44 6 3.3-.25.16 1.92-5.19.39ZM23.36 3l5.13-.38.13 1.8-3.24.24.09 1.22 2.66-.2.12 1.7-2.65.2.09 1.35 3.46-.26.13 1.81-5.34.4Z"></path></g></g></svg></div> <!----> <!----> <!----></div></div> <div class="mobile-product-list-cell_left"><div><!----> <img src="data:image/svg+xml;base64,PD94bWwgdmVyc2lvbj0iMS4wIiBlbmNvZGluZz0idXRmLTgiPz4KPCEtLSBHZW5lcmF0ZWQgYnkgSWNvTW9vbi5pbyAtLT4KPCFET0NUWVBFIHN2ZyBQVUJMSUMgIi0vL1czQy8vRFREIFNWRyAxLjEvL0VOIiAiaHR0cDovL3d3dy53My5vcmcvR3JhcGhpY3MvU1ZHLzEuMS9EVEQvc3ZnMTEuZHRkIj4KPHN2ZyB2ZXJzaW9uPSIxLjEiIHhtbG5zPSJodHRwOi8vd3d3LnczLm9yZy8yMDAwL3N2ZyIgeG1sbnM6eGxpbms9Imh0dHA6Ly93d3cudzMub3JnLzE5OTkveGxpbmsiIHdpZHRoPSI0OCIgaGVpZ2h0PSI0OCIgdmlld0JveD0iMCAwIDQ4IDQ4Ij4KPGcgaWQ9Imljb21vb24taWdub3JlIj4KCTxsaW5lIHN0cm9rZS13aWR0aD0iMSIgeDE9IiIgeTE9IiIgeDI9IiIgeTI9IiIgc3Ryb2tlPSIjNDQ5RkRCIiBvcGFjaXR5PSIiPjwvbGluZT4KPC9nPgoJPHBhdGggZD0iTTM4LjQ4IDkuMDcwYzAuMjQ4IDAgMC40NSAwLjIwMiAwLjQ1IDAuNDV2MjguOTU5YzAgMC4yNDgtMC4yMDIgMC40NS0wLjQ1IDAuNDVoLTI4Ljk1OWMtMC4yNDggMC0wLjQ1LTAuMjAyLTAuNDUtMC40NXYtMjguOTU5YzAtMC4yNDggMC4yMDItMC40NSAwLjQ1LTAuNDVoMjguOTU5ek0zOC40OCA4aC0yOC45NTljLTAuODQgMC0xLjUyIDAuNjgxLTEuNTIgMS41MjF2MjguOTU5YzAgMC44NCAwLjY4MSAxLjUyMSAxLjUyIDEuNTIxaDI4Ljk1OWMwLjg0IDAgMS41Mi0wLjY4MSAxLjUyLTEuNTIxdi0yOC45NTljMC0wLjg0LTAuNjgxLTEuNTIxLTEuNTItMS41MjF2MHoiIG9wYWNpdHk9IjEiIHZpc2liaWxpdHk9ImZhbHNlIiBmaWxsPSIjZDdkN2Q3Ij48L3BhdGg+Cgk8cGF0aCBkPSJNMTIuMjI4IDM1LjIyNHYtMy4zMjljMC0wLjE0NSAwLjA1OC0wLjI4NSAwLjE2LTAuMzg4bDUuNTg3LTUuNTg3YzAuMjE0LTAuMjE0IDAuNTYxLTAuMjE0IDAuNzc1IDBsMi4xMTkgMi4xMTljMC4yMTQgMC4yMTQgMC41NjEgMC4yMTQgMC43NzUgMGw4LjE5MS04LjE5MmMwLjIxNC0wLjIxNCAwLjU2MS0wLjIxNCAwLjc3NSAwbDUgNWMwLjEwMyAwLjEwMyAwLjE2IDAuMjQyIDAuMTYgMC4zODh2OS45ODhjMCAwLjMwMy0wLjI0NSAwLjU0OC0wLjU0OCAwLjU0OGgtMjIuNDQ3Yy0wLjMwMyAwLTAuNTQ4LTAuMjQ1LTAuNTQ4LTAuNTQ4eiIgb3BhY2l0eT0iMSIgdmlzaWJpbGl0eT0iZmFsc2UiIGZpbGw9IiNkN2Q3ZDciPjwvcGF0aD4KCTxwYXRoIGQ9Ik0yMS41NDQgMTcuOTY3YzAgMS45ODItMS42MDYgMy41ODgtMy41ODggMy41ODhzLTMuNTg4LTEuNjA2LTMuNTg4LTMuNTg4YzAtMS45ODEgMS42MDYtMy41ODggMy41ODgtMy41ODhzMy41ODggMS42MDYgMy41ODggMy41ODh6IiBvcGFjaXR5PSIxIiB2aXNpYmlsaXR5PSJmYWxzZSIgZmlsbD0iI2Q3ZDdkNyI+PC9wYXRoPgo8L3N2Zz4K" alt="Nature's Promise 100% Grass-fed Beef Ground Beef 90% Lean 10% Fat" skeleton-box-size="9rem" class="product-grid-image object-contain"></div></div> <div class="mobile-product-list-cell_info"><div class="product-tile_detail"><div class="skeleton-loader_wrapper cursor-pointer"><div class="product-grid-cell_price-container product-grid-cell_price-container_column product-grid-cell_price-container--mobile"><span class="product-grid-cell_main-price product-grid-cell_main-price--on-sale"><span class="sr-only">
      Sale Price
    </span>
    $5.99
  </span> <div class="product-grid-cell_was-container"><span class="product-grid-cell_regular-price product-grid-cell_regular-price--small"><span class="sr-only">
        Original Price
      </span>
      $6.99
    </span></div></div> <!----></div> <!----></div> <div class="mobile-product-list-cell_name-content"><div class="skeleton-loader_wrapper"><div class="product-grid-cell_name"><a id="product-name-305763-16760862936840248" href="#" data-opens-modal="true" aria-haspopup="dialog" class="product-grid-cell_name-text product-grid-cell_name-text--clamp-2"><span class="vector-icon_inline-text--left mr-0"><div class="vector-icon-size--xsmall"><svg xmlns="http://www.w3.org/2000/svg" aria-label="Ahold Icon" viewBox="0 0 1024 945" role="presentation" aria-hidden="true" focusable="false" class=""><title lang="en">Ahold Icon</title><desc></desc><g fill="" stroke=""><g><path d="M1.893 730.617c-1.289-2.094-2.052-4.631-2.052-7.346 0-.747.058-1.481.169-2.197.158-12.396 10.227-22.466 22.687-22.634h895.306c12.476.168 22.545 10.237 22.713 22.698-.521 3.721-1.182 6.924-2.024 10.053l.131-.574c-86.363 175.072-263.598 293.385-468.466 293.385S88.254 905.689 3.252 733.663l-1.361-3.046z" fill="#F7A800" class="path1"></path> <path d="M107.889 132.495c1.893-1.893 1.893-3.786 3.786-5.678 2.98-3.491 7.385-5.69 12.303-5.69s9.323 2.199 12.284 5.668l.019.022L613.264 603.8c3.491 2.98 5.69 7.385 5.69 12.303s-2.199 9.323-5.668 12.284c-1.399 1.869-3.361 3.216-5.631 3.789l-.069.015c-38.446 13.732-82.796 21.669-129.001 21.669-108.416 0-206.626-43.699-277.977-114.443C130.241 467.591 86.799 369.1 86.799 260.462c0-45.803 7.722-89.803 21.936-130.767l-.845 2.8z" fill="#E2231A" class="path2"></path> <path d="M600.015 1.893a6.922 6.922 0 0 1 5.713-1.889c.057-.006.164-.007.272-.007 7.15 0 12.947 5.796 12.947 12.947 0 .108-.001.215-.004.322v-.016 503.482c.002.091.004.199.004.306 0 7.15-5.796 12.947-12.947 12.947-.108 0-.215-.001-.322-.004a6.925 6.925 0 0 1-5.665-1.895l.002.002c-98.273-48.542-164.673-148.065-164.673-263.098S501.743 50.434 598.306 2.657l1.709-.765z" fill="#712177" class="path3"></path> <path d="M938.824 283.919c1.893 0 1.893 1.893 3.786 1.893 1.765 2.012 2.841 4.666 2.841 7.571s-1.077 5.559-2.853 7.584l.011-.013-268.776 266.884c-2.012 1.765-4.666 2.841-7.571 2.841s-5.559-1.077-7.584-2.853a3.774 3.774 0 0 1-1.877-3.793l-.002.019c-7.681-21.529-12.12-46.363-12.12-72.235 0-61.263 24.891-116.712 65.111-156.786 39.326-39.792 93.895-64.431 154.219-64.431 26.857 0 52.573 4.884 76.309 13.812l-1.494-.493z" fill="#82BC00" class="path4"></path></g></g></svg></div></span>
    Nature's Promise 100% Grass-fed Beef Ground Beef 90% Lean 10% Fat
  </a></div> <!----> <!----></div> <div class="skeleton-loader_wrapper"><div class="product-grid-cell_sizes"><span class="product-grid-cell_size">
    16 OZ PKG
  </span> <span aria-hidden="true">
    |
  </span> <!----> <span class="product-grid-cell_unit">
    $5.99 / LB
  </span></div> <!----></div> <!----> <!----> <!----> <!----> <!----> <!----> <!----></div> <div class="mobile-product-list-cell_bottom"><div class="mobile-product-list-cell_bottom_cart-ui-wrapper"><!----> <!----> <div class="pdl-add-to-cart"><div class="pdl-add-to-cart_button"><button aria-label="Add to cart" data-product-id="305763" data-price="5.99" class="button button--add-to-cart add-sale">
      Add to cart
      <!----></button> <!----> <!----> <!----></div> <!----></div></div> <!----></div></div></div> <div class="product-tile_action-items"><!----> <!----> <div class="shopping-list-menu_container"><div class="relative-el"><button aria-label="add to shopping list" class="button pdl-product-detail_top-icon button--fourth pdl-product-detail_top-icon--borderless"><!----> <div class="vector-icon-size--large"><svg xmlns="http://www.w3.org/2000/svg" aria-label="Shopping List Icon Add" viewBox="0 0 32 32" role="presentation" aria-hidden="true" focusable="false" class="vector-icon-color--dark-grey"><title lang="en">Shopping List Icon Add</title><desc></desc><g fill="" stroke=""><g><path d="M21.94066,15.3368884 L21.94066,12.8931995 C21.94066,12.3409148 22.3883752,11.8931995 22.94066,11.8931995 C23.4929447,11.8931995 23.94066,12.3409148 23.94066,12.8931995 L23.94066,15.3368884 L26.2522624,15.3368884 C26.8045471,15.3368884 27.2522624,15.7846037 27.2522624,16.3368884 C27.2522624,16.8891732 26.8045471,17.3368884 26.2522624,17.3368884 L23.94066,17.3368884 L23.94066,19.8787952 C23.94066,20.43108 23.4929447,20.8787952 22.94066,20.8787952 C22.3883752,20.8787952 21.94066,20.43108 21.94066,19.8787952 L21.94066,17.3368884 L19.2666667,17.3368884 C18.7143819,17.3368884 18.2666667,16.8891732 18.2666667,16.3368884 C18.2666667,15.7846037 18.7143819,15.3368884 19.2666667,15.3368884 L21.94066,15.3368884 Z M8,12 C7.44771525,12 7,11.5522847 7,11 C7,10.4477153 7.44771525,10 8,10 L19.1153581,10 C19.6676429,10 20.1153581,10.4477153 20.1153581,11 C20.1153581,11.5522847 19.6676429,12 19.1153581,12 L8,12 Z M8,17.3368884 C7.44771525,17.3368884 7,16.8891732 7,16.3368884 C7,15.7846037 7.44771525,15.3368884 8,15.3368884 L14.7200696,15.3368884 C15.2723543,15.3368884 15.7200696,15.7846037 15.7200696,16.3368884 C15.7200696,16.8891732 15.2723543,17.3368884 14.7200696,17.3368884 L8,17.3368884 Z M8,23 C7.44771525,23 7,22.5522847 7,22 C7,21.4477153 7.44771525,21 8,21 L19.1153581,21 C19.6676429,21 20.1153581,21.4477153 20.1153581,22 C20.1153581,22.5522847 19.6676429,23 19.1153581,23 L8,23 Z" fill="#000000" fill-rule="nonzero"></path></g></g></svg></div> <div class="pdl-product-detail_list-tooltip"><p>Add item to shopping list</p> <em></em></div></button></div></div></div> <!----></li> <!----><!----> <!----> <!----> <!----> <li tabindex="-1" data-product-id="63105" class="slot mobile-product-list-cell"><!----> <!----> <!----> <!----> <div class="mobile-product-list-cell_content"><div><!----> <div class="flag_outer-container"><!----> <!----> <!----> <!----></div></div> <div class="mobile-product-list-cell_left"><div><!----> <img src="data:image/svg+xml;base64,PD94bWwgdmVyc2lvbj0iMS4wIiBlbmNvZGluZz0idXRmLTgiPz4KPCEtLSBHZW5lcmF0ZWQgYnkgSWNvTW9vbi5pbyAtLT4KPCFET0NUWVBFIHN2ZyBQVUJMSUMgIi0vL1czQy8vRFREIFNWRyAxLjEvL0VOIiAiaHR0cDovL3d3dy53My5vcmcvR3JhcGhpY3MvU1ZHLzEuMS9EVEQvc3ZnMTEuZHRkIj4KPHN2ZyB2ZXJzaW9uPSIxLjEiIHhtbG5zPSJodHRwOi8vd3d3LnczLm9yZy8yMDAwL3N2ZyIgeG1sbnM6eGxpbms9Imh0dHA6Ly93d3cudzMub3JnLzE5OTkveGxpbmsiIHdpZHRoPSI0OCIgaGVpZ2h0PSI0OCIgdmlld0JveD0iMCAwIDQ4IDQ4Ij4KPGcgaWQ9Imljb21vb24taWdub3JlIj4KCTxsaW5lIHN0cm9rZS13aWR0aD0iMSIgeDE9IiIgeTE9IiIgeDI9IiIgeTI9IiIgc3Ryb2tlPSIjNDQ5RkRCIiBvcGFjaXR5PSIiPjwvbGluZT4KPC9nPgoJPHBhdGggZD0iTTM4LjQ4IDkuMDcwYzAuMjQ4IDAgMC40NSAwLjIwMiAwLjQ1IDAuNDV2MjguOTU5YzAgMC4yNDgtMC4yMDIgMC40NS0wLjQ1IDAuNDVoLTI4Ljk1OWMtMC4yNDggMC0wLjQ1LTAuMjAyLTAuNDUtMC40NXYtMjguOTU5YzAtMC4yNDggMC4yMDItMC40NSAwLjQ1LTAuNDVoMjguOTU5ek0zOC40OCA4aC0yOC45NTljLTAuODQgMC0xLjUyIDAuNjgxLTEuNTIgMS41MjF2MjguOTU5YzAgMC44NCAwLjY4MSAxLjUyMSAxLjUyIDEuNTIxaDI4Ljk1OWMwLjg0IDAgMS41Mi0wLjY4MSAxLjUyLTEuNTIxdi0yOC45NTljMC0wLjg0LTAuNjgxLTEuNTIxLTEuNTItMS41MjF2MHoiIG9wYWNpdHk9IjEiIHZpc2liaWxpdHk9ImZhbHNlIiBmaWxsPSIjZDdkN2Q3Ij48L3BhdGg+Cgk8cGF0aCBkPSJNMTIuMjI4IDM1LjIyNHYtMy4zMjljMC0wLjE0NSAwLjA1OC0wLjI4NSAwLjE2LTAuMzg4bDUuNTg3LTUuNTg3YzAuMjE0LTAuMjE0IDAuNTYxLTAuMjE0IDAuNzc1IDBsMi4xMTkgMi4xMTljMC4yMTQgMC4yMTQgMC41NjEgMC4yMTQgMC43NzUgMGw4LjE5MS04LjE5MmMwLjIxNC0wLjIxNCAwLjU2MS0wLjIxNCAwLjc3NSAwbDUgNWMwLjEwMyAwLjEwMyAwLjE2IDAuMjQyIDAuMTYgMC4zODh2OS45ODhjMCAwLjMwMy0wLjI0NSAwLjU0OC0wLjU0OCAwLjU0OGgtMjIuNDQ3Yy0wLjMwMyAwLTAuNTQ4LTAuMjQ1LTAuNTQ4LTAuNTQ4eiIgb3BhY2l0eT0iMSIgdmlzaWJpbGl0eT0iZmFsc2UiIGZpbGw9IiNkN2Q3ZDciPjwvcGF0aD4KCTxwYXRoIGQ9Ik0yMS41NDQgMTcuOTY3YzAgMS45ODItMS42MDYgMy41ODgtMy41ODggMy41ODhzLTMuNTg4LTEuNjA2LTMuNTg4LTMuNTg4YzAtMS45ODEgMS42MDYtMy41ODggMy41ODgtMy41ODhzMy41ODggMS42MDYgMy41ODggMy41ODh6IiBvcGFjaXR5PSIxIiB2aXNpYmlsaXR5PSJmYWxzZSIgZmlsbD0iI2Q3ZDdkNyI+PC9wYXRoPgo8L3N2Zz4K" alt="Poland Spring Water 100% Natural" skeleton-box-size="9rem" class="product-grid-image object-contain"></div></div> <div class="mobile-product-list-cell_info"><div class="product-tile_detail"><div class="skeleton-loader_wrapper cursor-pointer"><div class="product-grid-cell_price-container product-grid-cell_price-container--mobile"><span class="product-grid-cell_main-price"><!---->
    $2.39
  </span> <!----></div> <!----></div> <!----></div> <div class="mobile-product-list-cell_name-content"><div class="skeleton-loader_wrapper"><div class="product-grid-cell_name"><a id="product-name-63105-16760862936870343" href="#" data-opens-modal="true" aria-haspopup="dialog" class="product-grid-cell_name-text product-grid-cell_name-text--clamp-2"><!---->
    Poland Spring Water 100% Natural
  </a></div> <!----> <!----></div> <div class="skeleton-loader_wrapper"><div class="product-grid-cell_sizes"><span class="product-grid-cell_size">
    1 GALLON
  </span> <span aria-hidden="true">
    |
  </span> <!----> <span class="product-grid-cell_unit">
    $0.02 / OZ
  </span></div> <!----></div> <!----> <!----> <!----> <!----> <!----> <!----> <!----></div> <div class="mobile-product-list-cell_bottom"><div class="mobile-product-list-cell_bottom_cart-ui-wrapper"><!----> <!----> <div class="pdl-add-to-cart"><div class="pdl-add-to-cart_button"><button aria-label="Add to cart" data-product-id="63105" data-price="2.39" class="button button--add-to-cart">
      Add to cart
      <!----></button> <!----> <!----> <!----></div> <!----></div></div> <!----></div></div></div> <div class="product-tile_action-items"><!----> <!----> <div class="shopping-list-menu_container"><div class="relative-el"><button aria-label="add to shopping list" class="button pdl-product-detail_top-icon button--fourth pdl-product-detail_top-icon--borderless"><!----> <div class="vector-icon-size--large"><svg xmlns="http://www.w3.org/2000/svg" aria-label="Shopping List Icon Add" viewBox="0 0 32 32" role="presentation" aria-hidden="true" focusable="false" class="vector-icon-color--dark-grey"><title lang="en">Shopping List Icon Add</title><desc></desc><g fill="" stroke=""><g><path d="M21.94066,15.3368884 L21.94066,12.8931995 C21.94066,12.3409148 22.3883752,11.8931995 22.94066,11.8931995 C23.4929447,11.8931995 23.94066,12.3409148 23.94066,12.8931995 L23.94066,15.3368884 L26.2522624,15.3368884 C26.8045471,15.3368884 27.2522624,15.7846037 27.2522624,16.3368884 C27.2522624,16.8891732 26.8045471,17.3368884 26.2522624,17.3368884 L23.94066,17.3368884 L23.94066,19.8787952 C23.94066,20.43108 23.4929447,20.8787952 22.94066,20.8787952 C22.3883752,20.8787952 21.94066,20.43108 21.94066,19.8787952 L21.94066,17.3368884 L19.2666667,17.3368884 C18.7143819,17.3368884 18.2666667,16.8891732 18.2666667,16.3368884 C18.2666667,15.7846037 18.7143819,15.3368884 19.2666667,15.3368884 L21.94066,15.3368884 Z M8,12 C7.44771525,12 7,11.5522847 7,11 C7,10.4477153 7.44771525,10 8,10 L19.1153581,10 C19.6676429,10 20.1153581,10.4477153 20.1153581,11 C20.1153581,11.5522847 19.6676429,12 19.1153581,12 L8,12 Z M8,17.3368884 C7.44771525,17.3368884 7,16.8891732 7,16.3368884 C7,15.7846037 7.44771525,15.3368884 8,15.3368884 L14.7200696,15.3368884 C15.2723543,15.3368884 15.7200696,15.7846037 15.7200696,16.3368884 C15.7200696,16.8891732 15.2723543,17.3368884 14.7200696,17.3368884 L8,17.3368884 Z M8,23 C7.44771525,23 7,22.5522847 7,22 C7,21.4477153 7.44771525,21 8,21 L19.1153581,21 C19.6676429,21 20.1153581,21.4477153 20.1153581,22 C20.1153581,22.5522847 19.6676429,23 19.1153581,23 L8,23 Z" fill="#000000" fill-rule="nonzero"></path></g></g></svg></div> <div class="pdl-product-detail_list-tooltip"><p>Add item to shopping list</p> <em></em></div></button></div></div></div> <!----></li> <!----><!----> <!----> <!----> <!----> <li tabindex="-1" data-product-id="298155" class="slot mobile-product-list-cell"><!----> <!----> <!----> <!----> <div class="mobile-product-list-cell_content"><div><!----> <div class="flag_outer-container"><!----> <!----> <!----> <!----></div></div> <div class="mobile-product-list-cell_left"><div><!----> <img src="data:image/svg+xml;base64,PD94bWwgdmVyc2lvbj0iMS4wIiBlbmNvZGluZz0idXRmLTgiPz4KPCEtLSBHZW5lcmF0ZWQgYnkgSWNvTW9vbi5pbyAtLT4KPCFET0NUWVBFIHN2ZyBQVUJMSUMgIi0vL1czQy8vRFREIFNWRyAxLjEvL0VOIiAiaHR0cDovL3d3dy53My5vcmcvR3JhcGhpY3MvU1ZHLzEuMS9EVEQvc3ZnMTEuZHRkIj4KPHN2ZyB2ZXJzaW9uPSIxLjEiIHhtbG5zPSJodHRwOi8vd3d3LnczLm9yZy8yMDAwL3N2ZyIgeG1sbnM6eGxpbms9Imh0dHA6Ly93d3cudzMub3JnLzE5OTkveGxpbmsiIHdpZHRoPSI0OCIgaGVpZ2h0PSI0OCIgdmlld0JveD0iMCAwIDQ4IDQ4Ij4KPGcgaWQ9Imljb21vb24taWdub3JlIj4KCTxsaW5lIHN0cm9rZS13aWR0aD0iMSIgeDE9IiIgeTE9IiIgeDI9IiIgeTI9IiIgc3Ryb2tlPSIjNDQ5RkRCIiBvcGFjaXR5PSIiPjwvbGluZT4KPC9nPgoJPHBhdGggZD0iTTM4LjQ4IDkuMDcwYzAuMjQ4IDAgMC40NSAwLjIwMiAwLjQ1IDAuNDV2MjguOTU5YzAgMC4yNDgtMC4yMDIgMC40NS0wLjQ1IDAuNDVoLTI4Ljk1OWMtMC4yNDggMC0wLjQ1LTAuMjAyLTAuNDUtMC40NXYtMjguOTU5YzAtMC4yNDggMC4yMDItMC40NSAwLjQ1LTAuNDVoMjguOTU5ek0zOC40OCA4aC0yOC45NTljLTAuODQgMC0xLjUyIDAuNjgxLTEuNTIgMS41MjF2MjguOTU5YzAgMC44NCAwLjY4MSAxLjUyMSAxLjUyIDEuNTIxaDI4Ljk1OWMwLjg0IDAgMS41Mi0wLjY4MSAxLjUyLTEuNTIxdi0yOC45NTljMC0wLjg0LTAuNjgxLTEuNTIxLTEuNTItMS41MjF2MHoiIG9wYWNpdHk9IjEiIHZpc2liaWxpdHk9ImZhbHNlIiBmaWxsPSIjZDdkN2Q3Ij48L3BhdGg+Cgk8cGF0aCBkPSJNMTIuMjI4IDM1LjIyNHYtMy4zMjljMC0wLjE0NSAwLjA1OC0wLjI4NSAwLjE2LTAuMzg4bDUuNTg3LTUuNTg3YzAuMjE0LTAuMjE0IDAuNTYxLTAuMjE0IDAuNzc1IDBsMi4xMTkgMi4xMTljMC4yMTQgMC4yMTQgMC41NjEgMC4yMTQgMC43NzUgMGw4LjE5MS04LjE5MmMwLjIxNC0wLjIxNCAwLjU2MS0wLjIxNCAwLjc3NSAwbDUgNWMwLjEwMyAwLjEwMyAwLjE2IDAuMjQyIDAuMTYgMC4zODh2OS45ODhjMCAwLjMwMy0wLjI0NSAwLjU0OC0wLjU0OCAwLjU0OGgtMjIuNDQ3Yy0wLjMwMyAwLTAuNTQ4LTAuMjQ1LTAuNTQ4LTAuNTQ4eiIgb3BhY2l0eT0iMSIgdmlzaWJpbGl0eT0iZmFsc2UiIGZpbGw9IiNkN2Q3ZDciPjwvcGF0aD4KCTxwYXRoIGQ9Ik0yMS41NDQgMTcuOTY3YzAgMS45ODItMS42MDYgMy41ODgtMy41ODggMy41ODhzLTMuNTg4LTEuNjA2LTMuNTg4LTMuNTg4YzAtMS45ODEgMS42MDYtMy41ODggMy41ODgtMy41ODhzMy41ODggMS42MDYgMy41ODggMy41ODh6IiBvcGFjaXR5PSIxIiB2aXNpYmlsaXR5PSJmYWxzZSIgZmlsbD0iI2Q3ZDdkNyI+PC9wYXRoPgo8L3N2Zz4K" alt="Stop &amp; Shop Broccoli Florets Washed &amp; Ready To Eat" skeleton-box-size="9rem" class="product-grid-image object-contain"></div></div> <div class="mobile-product-list-cell_info"><div class="product-tile_detail"><div class="skeleton-loader_wrapper cursor-pointer"><div class="product-grid-cell_price-container product-grid-cell_price-container--mobile"><span class="product-grid-cell_main-price"><!---->
    $2.99
  </span> <!----></div> <!----></div> <!----></div> <div class="mobile-product-list-cell_name-content"><div class="skeleton-loader_wrapper"><div class="product-grid-cell_name"><a id="product-name-298155-16760862936904875" href="#" data-opens-modal="true" aria-haspopup="dialog" class="product-grid-cell_name-text product-grid-cell_name-text--clamp-2"><span class="vector-icon_inline-text--left mr-0"><div class="vector-icon-size--xsmall"><svg xmlns="http://www.w3.org/2000/svg" aria-label="Ahold Icon" viewBox="0 0 1024 945" role="presentation" aria-hidden="true" focusable="false" class=""><title lang="en">Ahold Icon</title><desc></desc><g fill="" stroke=""><g><path d="M1.893 730.617c-1.289-2.094-2.052-4.631-2.052-7.346 0-.747.058-1.481.169-2.197.158-12.396 10.227-22.466 22.687-22.634h895.306c12.476.168 22.545 10.237 22.713 22.698-.521 3.721-1.182 6.924-2.024 10.053l.131-.574c-86.363 175.072-263.598 293.385-468.466 293.385S88.254 905.689 3.252 733.663l-1.361-3.046z" fill="#F7A800" class="path1"></path> <path d="M107.889 132.495c1.893-1.893 1.893-3.786 3.786-5.678 2.98-3.491 7.385-5.69 12.303-5.69s9.323 2.199 12.284 5.668l.019.022L613.264 603.8c3.491 2.98 5.69 7.385 5.69 12.303s-2.199 9.323-5.668 12.284c-1.399 1.869-3.361 3.216-5.631 3.789l-.069.015c-38.446 13.732-82.796 21.669-129.001 21.669-108.416 0-206.626-43.699-277.977-114.443C130.241 467.591 86.799 369.1 86.799 260.462c0-45.803 7.722-89.803 21.936-130.767l-.845 2.8z" fill="#E2231A" class="path2"></path> <path d="M600.015 1.893a6.922 6.922 0 0 1 5.713-1.889c.057-.006.164-.007.272-.007 7.15 0 12.947 5.796 12.947 12.947 0 .108-.001.215-.004.322v-.016 503.482c.002.091.004.199.004.306 0 7.15-5.796 12.947-12.947 12.947-.108 0-.215-.001-.322-.004a6.925 6.925 0 0 1-5.665-1.895l.002.002c-98.273-48.542-164.673-148.065-164.673-263.098S501.743 50.434 598.306 2.657l1.709-.765z" fill="#712177" class="path3"></path> <path d="M938.824 283.919c1.893 0 1.893 1.893 3.786 1.893 1.765 2.012 2.841 4.666 2.841 7.571s-1.077 5.559-2.853 7.584l.011-.013-268.776 266.884c-2.012 1.765-4.666 2.841-7.571 2.841s-5.559-1.077-7.584-2.853a3.774 3.774 0 0 1-1.877-3.793l-.002.019c-7.681-21.529-12.12-46.363-12.12-72.235 0-61.263 24.891-116.712 65.111-156.786 39.326-39.792 93.895-64.431 154.219-64.431 26.857 0 52.573 4.884 76.309 13.812l-1.494-.493z" fill="#82BC00" class="path4"></path></g></g></svg></div></span>
    Stop &amp; Shop Broccoli Florets Washed &amp; Ready To Eat
  </a></div> <!----> <!----></div> <div class="skeleton-loader_wrapper"><div class="product-grid-cell_sizes"><span class="product-grid-cell_size">
    12 OZ BAG
  </span> <span aria-hidden="true">
    |
  </span> <!----> <span class="product-grid-cell_unit">
    $0.25 / OZ
  </span></div> <!----></div> <!----> <!----> <!----> <!----> <!----> <!----> <!----></div> <div class="mobile-product-list-cell_bottom"><div class="mobile-product-list-cell_bottom_cart-ui-wrapper"><!----> <!----> <div class="pdl-add-to-cart"><div class="pdl-add-to-cart_button"><button aria-label="Add to cart" data-product-id="298155" data-price="2.99" class="button button--add-to-cart">
      Add to cart
      <!----></button> <!----> <!----> <!----></div> <!----></div></div> <!----></div></div></div> <div class="product-tile_action-items"><!----> <!----> <div class="shopping-list-menu_container"><div class="relative-el"><button aria-label="add to shopping list" class="button pdl-product-detail_top-icon button--fourth pdl-product-detail_top-icon--borderless"><!----> <div class="vector-icon-size--large"><svg xmlns="http://www.w3.org/2000/svg" aria-label="Shopping List Icon Add" viewBox="0 0 32 32" role="presentation" aria-hidden="true" focusable="false" class="vector-icon-color--dark-grey"><title lang="en">Shopping List Icon Add</title><desc></desc><g fill="" stroke=""><g><path d="M21.94066,15.3368884 L21.94066,12.8931995 C21.94066,12.3409148 22.3883752,11.8931995 22.94066,11.8931995 C23.4929447,11.8931995 23.94066,12.3409148 23.94066,12.8931995 L23.94066,15.3368884 L26.2522624,15.3368884 C26.8045471,15.3368884 27.2522624,15.7846037 27.2522624,16.3368884 C27.2522624,16.8891732 26.8045471,17.3368884 26.2522624,17.3368884 L23.94066,17.3368884 L23.94066,19.8787952 C23.94066,20.43108 23.4929447,20.8787952 22.94066,20.8787952 C22.3883752,20.8787952 21.94066,20.43108 21.94066,19.8787952 L21.94066,17.3368884 L19.2666667,17.3368884 C18.7143819,17.3368884 18.2666667,16.8891732 18.2666667,16.3368884 C18.2666667,15.7846037 18.7143819,15.3368884 19.2666667,15.3368884 L21.94066,15.3368884 Z M8,12 C7.44771525,12 7,11.5522847 7,11 C7,10.4477153 7.44771525,10 8,10 L19.1153581,10 C19.6676429,10 20.1153581,10.4477153 20.1153581,11 C20.1153581,11.5522847 19.6676429,12 19.1153581,12 L8,12 Z M8,17.3368884 C7.44771525,17.3368884 7,16.8891732 7,16.3368884 C7,15.7846037 7.44771525,15.3368884 8,15.3368884 L14.7200696,15.3368884 C15.2723543,15.3368884 15.7200696,15.7846037 15.7200696,16.3368884 C15.7200696,16.8891732 15.2723543,17.3368884 14.7200696,17.3368884 L8,17.3368884 Z M8,23 C7.44771525,23 7,22.5522847 7,22 C7,21.4477153 7.44771525,21 8,21 L19.1153581,21 C19.6676429,21 20.1153581,21.4477153 20.1153581,22 C20.1153581,22.5522847 19.6676429,23 19.1153581,23 L8,23 Z" fill="#000000" fill-rule="nonzero"></path></g></g></svg></div> <div class="pdl-product-detail_list-tooltip"><p>Add item to shopping list</p> <em></em></div></button></div></div></div> <!----></li> <!----><!----> <!----> <!----> <!----> <li tabindex="-1" data-product-id="243049" class="slot mobile-product-list-cell"><!----> <!----> <!----> <!----> <div class="mobile-product-list-cell_content"><div><!----> <div class="flag_outer-container"><div class=""><svg xmlns="http://www.w3.org/2000/svg" aria-label="Sale" viewBox="0 0 32 32" role="presentation" aria-hidden="true" focusable="false" class="w-20 ml-3"><title lang="en">Sale</title><desc></desc><g fill="" stroke=""><g><path d="M16.56 19.87a3.81 3.81 0 0 1-1-.13l-13.39-3.5a1.5 1.5 0 0 1-1.12-1.34l-.81-11a1.52 1.52 0 0 1 1.39-1.61l27.69-2h.11a1.51 1.51 0 0 1 1.5 1.4l.82 11a1.52 1.52 0 0 1-.91 1.5l-12.72 5.36a3.79 3.79 0 0 1-1.56.32Z" fill="#ed1256"></path><path fill="#fff" d="M29.43.48a1.26 1.26 0 0 1 1.26 1.17l.82 11a1.27 1.27 0 0 1-.76 1.26L18 19.34a3.72 3.72 0 0 1-1.47.3 3.79 3.79 0 0 1-.94-.12L2.24 16a1.27 1.27 0 0 1-1-1.13l-.81-11a1.26 1.26 0 0 1 1.22-1.33L29.34.48h.09m0-.48h-.13L1.62 2A1.76 1.76 0 0 0 0 3.92l.82 11a1.73 1.73 0 0 0 1.3 1.55L15.5 20a4.3 4.3 0 0 0 1.07.14 4.24 4.24 0 0 0 1.65-.34l12.72-5.44A1.76 1.76 0 0 0 32 12.59l-.82-11A1.76 1.76 0 0 0 29.43 0Z"></path><path fill="#fff" d="M3.74 9.87a3 3 0 0 0 .82.55 2.21 2.21 0 0 0 1.08.19 1.6 1.6 0 0 0 .29 0 1 1 0 0 0 .26-.12.58.58 0 0 0 .18-.2.62.62 0 0 0 0-.31.59.59 0 0 0-.32-.49 3.38 3.38 0 0 0-.85-.34L4.84 9a4.19 4.19 0 0 1-.69-.26 2.44 2.44 0 0 1-.63-.41 1.92 1.92 0 0 1-.7-1.42 2.68 2.68 0 0 1 .1-1A2.2 2.2 0 0 1 3.39 5a2.42 2.42 0 0 1 .82-.6 3.15 3.15 0 0 1 1.17-.28 3.68 3.68 0 0 1 1.72.24 3 3 0 0 1 .57.29A2.66 2.66 0 0 1 8 5l-.82 1.37a4.42 4.42 0 0 0-.82-.45 2 2 0 0 0-.85-.13 1.4 1.4 0 0 0-.28.06A.9.9 0 0 0 5 6a.62.62 0 0 0-.16.2.5.5 0 0 0 0 .28.6.6 0 0 0 .1.31.68.68 0 0 0 .24.2 1.27 1.27 0 0 0 .35.15l.43.13.35.09a7.49 7.49 0 0 1 .69.22 2.2 2.2 0 0 1 .72.42 2.46 2.46 0 0 1 .54.68 2.31 2.31 0 0 1 .27 1 2.15 2.15 0 0 1-.15 1 2.53 2.53 0 0 1-.56.84 2.77 2.77 0 0 1-.88.59 4 4 0 0 1-1.11.27A4.67 4.67 0 0 1 4 12.25a3.79 3.79 0 0 1-1.28-.75ZM11.29 3.89l2.17-.16 3.1 7.7-2 .15L14 10l-2.39.18-.35 1.67-2 .14Zm2.15 4.6-1-2.84-.61 2.95ZM17 3.47l1.89-.14.44 6 3.3-.25.16 1.92-5.19.39ZM23.36 3l5.13-.38.13 1.8-3.24.24.09 1.22 2.66-.2.12 1.7-2.65.2.09 1.35 3.46-.26.13 1.81-5.34.4Z"></path></g></g></svg></div> <!----> <!----> <!----></div></div> <div class="mobile-product-list-cell_left"><div><!----> <img src="data:image/svg+xml;base64,PD94bWwgdmVyc2lvbj0iMS4wIiBlbmNvZGluZz0idXRmLTgiPz4KPCEtLSBHZW5lcmF0ZWQgYnkgSWNvTW9vbi5pbyAtLT4KPCFET0NUWVBFIHN2ZyBQVUJMSUMgIi0vL1czQy8vRFREIFNWRyAxLjEvL0VOIiAiaHR0cDovL3d3dy53My5vcmcvR3JhcGhpY3MvU1ZHLzEuMS9EVEQvc3ZnMTEuZHRkIj4KPHN2ZyB2ZXJzaW9uPSIxLjEiIHhtbG5zPSJodHRwOi8vd3d3LnczLm9yZy8yMDAwL3N2ZyIgeG1sbnM6eGxpbms9Imh0dHA6Ly93d3cudzMub3JnLzE5OTkveGxpbmsiIHdpZHRoPSI0OCIgaGVpZ2h0PSI0OCIgdmlld0JveD0iMCAwIDQ4IDQ4Ij4KPGcgaWQ9Imljb21vb24taWdub3JlIj4KCTxsaW5lIHN0cm9rZS13aWR0aD0iMSIgeDE9IiIgeTE9IiIgeDI9IiIgeTI9IiIgc3Ryb2tlPSIjNDQ5RkRCIiBvcGFjaXR5PSIiPjwvbGluZT4KPC9nPgoJPHBhdGggZD0iTTM4LjQ4IDkuMDcwYzAuMjQ4IDAgMC40NSAwLjIwMiAwLjQ1IDAuNDV2MjguOTU5YzAgMC4yNDgtMC4yMDIgMC40NS0wLjQ1IDAuNDVoLTI4Ljk1OWMtMC4yNDggMC0wLjQ1LTAuMjAyLTAuNDUtMC40NXYtMjguOTU5YzAtMC4yNDggMC4yMDItMC40NSAwLjQ1LTAuNDVoMjguOTU5ek0zOC40OCA4aC0yOC45NTljLTAuODQgMC0xLjUyIDAuNjgxLTEuNTIgMS41MjF2MjguOTU5YzAgMC44NCAwLjY4MSAxLjUyMSAxLjUyIDEuNTIxaDI4Ljk1OWMwLjg0IDAgMS41Mi0wLjY4MSAxLjUyLTEuNTIxdi0yOC45NTljMC0wLjg0LTAuNjgxLTEuNTIxLTEuNTItMS41MjF2MHoiIG9wYWNpdHk9IjEiIHZpc2liaWxpdHk9ImZhbHNlIiBmaWxsPSIjZDdkN2Q3Ij48L3BhdGg+Cgk8cGF0aCBkPSJNMTIuMjI4IDM1LjIyNHYtMy4zMjljMC0wLjE0NSAwLjA1OC0wLjI4NSAwLjE2LTAuMzg4bDUuNTg3LTUuNTg3YzAuMjE0LTAuMjE0IDAuNTYxLTAuMjE0IDAuNzc1IDBsMi4xMTkgMi4xMTljMC4yMTQgMC4yMTQgMC41NjEgMC4yMTQgMC43NzUgMGw4LjE5MS04LjE5MmMwLjIxNC0wLjIxNCAwLjU2MS0wLjIxNCAwLjc3NSAwbDUgNWMwLjEwMyAwLjEwMyAwLjE2IDAuMjQyIDAuMTYgMC4zODh2OS45ODhjMCAwLjMwMy0wLjI0NSAwLjU0OC0wLjU0OCAwLjU0OGgtMjIuNDQ3Yy0wLjMwMyAwLTAuNTQ4LTAuMjQ1LTAuNTQ4LTAuNTQ4eiIgb3BhY2l0eT0iMSIgdmlzaWJpbGl0eT0iZmFsc2UiIGZpbGw9IiNkN2Q3ZDciPjwvcGF0aD4KCTxwYXRoIGQ9Ik0yMS41NDQgMTcuOTY3YzAgMS45ODItMS42MDYgMy41ODgtMy41ODggMy41ODhzLTMuNTg4LTEuNjA2LTMuNTg4LTMuNTg4YzAtMS45ODEgMS42MDYtMy41ODggMy41ODgtMy41ODhzMy41ODggMS42MDYgMy41ODggMy41ODh6IiBvcGFjaXR5PSIxIiB2aXNpYmlsaXR5PSJmYWxzZSIgZmlsbD0iI2Q3ZDdkNyI+PC9wYXRoPgo8L3N2Zz4K" alt="Mandarins" skeleton-box-size="9rem" class="product-grid-image object-contain"></div></div> <div class="mobile-product-list-cell_info"><div class="product-tile_detail"><div class="skeleton-loader_wrapper cursor-pointer"><div class="product-grid-cell_price-container product-grid-cell_price-container_column product-grid-cell_price-container--mobile"><span class="product-grid-cell_main-price product-grid-cell_main-price--on-sale"><span class="sr-only">
      Sale Price
    </span>
    $5.00
  </span> <div class="product-grid-cell_was-container"><span class="product-grid-cell_regular-price product-grid-cell_regular-price--small"><span class="sr-only">
        Original Price
      </span>
      $5.99
    </span></div></div> <!----></div> <!----></div> <div class="mobile-product-list-cell_name-content"><div class="skeleton-loader_wrapper"><div class="product-grid-cell_name"><a id="product-name-243049-16760862930074558" href="#" data-opens-modal="true" aria-haspopup="dialog" class="product-grid-cell_name-text product-grid-cell_name-text--clamp-2"><!---->
    Mandarins
  </a></div> <!----> <!----></div> <div class="skeleton-loader_wrapper"><div class="product-grid-cell_sizes"><span class="product-grid-cell_size">
    2 LB BAG
  </span> <span aria-hidden="true">
    |
  </span> <!----> <span class="product-grid-cell_unit">
    $0.16 / OZ
  </span></div> <!----></div> <!----> <!----> <!----> <!----> <!----> <!----> <!----></div> <div class="mobile-product-list-cell_bottom"><div class="mobile-product-list-cell_bottom_cart-ui-wrapper"><!----> <!----> <div class="pdl-add-to-cart"><div class="pdl-add-to-cart_button"><button aria-label="Add to cart" data-product-id="243049" data-price="5" class="button button--add-to-cart add-sale">
      Add to cart
      <!----></button> <!----> <!----> <!----></div> <!----></div></div> <!----></div></div></div> <div class="product-tile_action-items"><!----> <!----> <div class="shopping-list-menu_container"><div class="relative-el"><button aria-label="add to shopping list" class="button pdl-product-detail_top-icon button--fourth pdl-product-detail_top-icon--borderless"><!----> <div class="vector-icon-size--large"><svg xmlns="http://www.w3.org/2000/svg" aria-label="Shopping List Icon Add" viewBox="0 0 32 32" role="presentation" aria-hidden="true" focusable="false" class="vector-icon-color--dark-grey"><title lang="en">Shopping List Icon Add</title><desc></desc><g fill="" stroke=""><g><path d="M21.94066,15.3368884 L21.94066,12.8931995 C21.94066,12.3409148 22.3883752,11.8931995 22.94066,11.8931995 C23.4929447,11.8931995 23.94066,12.3409148 23.94066,12.8931995 L23.94066,15.3368884 L26.2522624,15.3368884 C26.8045471,15.3368884 27.2522624,15.7846037 27.2522624,16.3368884 C27.2522624,16.8891732 26.8045471,17.3368884 26.2522624,17.3368884 L23.94066,17.3368884 L23.94066,19.8787952 C23.94066,20.43108 23.4929447,20.8787952 22.94066,20.8787952 C22.3883752,20.8787952 21.94066,20.43108 21.94066,19.8787952 L21.94066,17.3368884 L19.2666667,17.3368884 C18.7143819,17.3368884 18.2666667,16.8891732 18.2666667,16.3368884 C18.2666667,15.7846037 18.7143819,15.3368884 19.2666667,15.3368884 L21.94066,15.3368884 Z M8,12 C7.44771525,12 7,11.5522847 7,11 C7,10.4477153 7.44771525,10 8,10 L19.1153581,10 C19.6676429,10 20.1153581,10.4477153 20.1153581,11 C20.1153581,11.5522847 19.6676429,12 19.1153581,12 L8,12 Z M8,17.3368884 C7.44771525,17.3368884 7,16.8891732 7,16.3368884 C7,15.7846037 7.44771525,15.3368884 8,15.3368884 L14.7200696,15.3368884 C15.2723543,15.3368884 15.7200696,15.7846037 15.7200696,16.3368884 C15.7200696,16.8891732 15.2723543,17.3368884 14.7200696,17.3368884 L8,17.3368884 Z M8,23 C7.44771525,23 7,22.5522847 7,22 C7,21.4477153 7.44771525,21 8,21 L19.1153581,21 C19.6676429,21 20.1153581,21.4477153 20.1153581,22 C20.1153581,22.5522847 19.6676429,23 19.1153581,23 L8,23 Z" fill="#000000" fill-rule="nonzero"></path></g></g></svg></div> <div class="pdl-product-detail_list-tooltip"><p>Add item to shopping list</p> <em></em></div></button></div></div></div> <!----></li> <!----><!----> <!----> <!----> <!----> <li tabindex="-1" data-product-id="136926" class="slot mobile-product-list-cell"><!----> <!----> <!----> <!----> <div class="mobile-product-list-cell_content"><div><!----> <div class="flag_outer-container"><!----> <!----> <!----> <!----></div></div> <div class="mobile-product-list-cell_left"><div><!----> <img src="data:image/svg+xml;base64,PD94bWwgdmVyc2lvbj0iMS4wIiBlbmNvZGluZz0idXRmLTgiPz4KPCEtLSBHZW5lcmF0ZWQgYnkgSWNvTW9vbi5pbyAtLT4KPCFET0NUWVBFIHN2ZyBQVUJMSUMgIi0vL1czQy8vRFREIFNWRyAxLjEvL0VOIiAiaHR0cDovL3d3dy53My5vcmcvR3JhcGhpY3MvU1ZHLzEuMS9EVEQvc3ZnMTEuZHRkIj4KPHN2ZyB2ZXJzaW9uPSIxLjEiIHhtbG5zPSJodHRwOi8vd3d3LnczLm9yZy8yMDAwL3N2ZyIgeG1sbnM6eGxpbms9Imh0dHA6Ly93d3cudzMub3JnLzE5OTkveGxpbmsiIHdpZHRoPSI0OCIgaGVpZ2h0PSI0OCIgdmlld0JveD0iMCAwIDQ4IDQ4Ij4KPGcgaWQ9Imljb21vb24taWdub3JlIj4KCTxsaW5lIHN0cm9rZS13aWR0aD0iMSIgeDE9IiIgeTE9IiIgeDI9IiIgeTI9IiIgc3Ryb2tlPSIjNDQ5RkRCIiBvcGFjaXR5PSIiPjwvbGluZT4KPC9nPgoJPHBhdGggZD0iTTM4LjQ4IDkuMDcwYzAuMjQ4IDAgMC40NSAwLjIwMiAwLjQ1IDAuNDV2MjguOTU5YzAgMC4yNDgtMC4yMDIgMC40NS0wLjQ1IDAuNDVoLTI4Ljk1OWMtMC4yNDggMC0wLjQ1LTAuMjAyLTAuNDUtMC40NXYtMjguOTU5YzAtMC4yNDggMC4yMDItMC40NSAwLjQ1LTAuNDVoMjguOTU5ek0zOC40OCA4aC0yOC45NTljLTAuODQgMC0xLjUyIDAuNjgxLTEuNTIgMS41MjF2MjguOTU5YzAgMC44NCAwLjY4MSAxLjUyMSAxLjUyIDEuNTIxaDI4Ljk1OWMwLjg0IDAgMS41Mi0wLjY4MSAxLjUyLTEuNTIxdi0yOC45NTljMC0wLjg0LTAuNjgxLTEuNTIxLTEuNTItMS41MjF2MHoiIG9wYWNpdHk9IjEiIHZpc2liaWxpdHk9ImZhbHNlIiBmaWxsPSIjZDdkN2Q3Ij48L3BhdGg+Cgk8cGF0aCBkPSJNMTIuMjI4IDM1LjIyNHYtMy4zMjljMC0wLjE0NSAwLjA1OC0wLjI4NSAwLjE2LTAuMzg4bDUuNTg3LTUuNTg3YzAuMjE0LTAuMjE0IDAuNTYxLTAuMjE0IDAuNzc1IDBsMi4xMTkgMi4xMTljMC4yMTQgMC4yMTQgMC41NjEgMC4yMTQgMC43NzUgMGw4LjE5MS04LjE5MmMwLjIxNC0wLjIxNCAwLjU2MS0wLjIxNCAwLjc3NSAwbDUgNWMwLjEwMyAwLjEwMyAwLjE2IDAuMjQyIDAuMTYgMC4zODh2OS45ODhjMCAwLjMwMy0wLjI0NSAwLjU0OC0wLjU0OCAwLjU0OGgtMjIuNDQ3Yy0wLjMwMyAwLTAuNTQ4LTAuMjQ1LTAuNTQ4LTAuNTQ4eiIgb3BhY2l0eT0iMSIgdmlzaWJpbGl0eT0iZmFsc2UiIGZpbGw9IiNkN2Q3ZDciPjwvcGF0aD4KCTxwYXRoIGQ9Ik0yMS41NDQgMTcuOTY3YzAgMS45ODItMS42MDYgMy41ODgtMy41ODggMy41ODhzLTMuNTg4LTEuNjA2LTMuNTg4LTMuNTg4YzAtMS45ODEgMS42MDYtMy41ODggMy41ODgtMy41ODhzMy41ODggMS42MDYgMy41ODggMy41ODh6IiBvcGFjaXR5PSIxIiB2aXNpYmlsaXR5PSJmYWxzZSIgZmlsbD0iI2Q3ZDdkNyI+PC9wYXRoPgo8L3N2Zz4K" alt="Oranges Cara Cara" skeleton-box-size="9rem" class="product-grid-image object-contain"></div></div> <div class="mobile-product-list-cell_info"><div class="product-tile_detail"><div class="skeleton-loader_wrapper cursor-pointer"><div class="product-grid-cell_price-container product-grid-cell_price-container--mobile"><span class="product-grid-cell_main-price"><!---->
    $1.25
  </span> <!----></div> <!----></div> <!----></div> <div class="mobile-product-list-cell_name-content"><div class="skeleton-loader_wrapper"><div class="product-grid-cell_name"><a id="product-name-136926-16760862542965492" href="#" data-opens-modal="true" aria-haspopup="dialog" class="product-grid-cell_name-text product-grid-cell_name-text--clamp-2"><!---->
    Oranges Cara Cara
  </a></div> <!----> <!----></div> <div class="skeleton-loader_wrapper"><div class="product-grid-cell_sizes"><span class="product-grid-cell_size">
    1 EA
  </span> <span aria-hidden="true">
    |
  </span> <!----> <span class="product-grid-cell_unit">
    $1.25 / EA
  </span></div> <!----></div> <!----> <!----> <!----> <!----> <!----> <!----> <!----></div> <div class="mobile-product-list-cell_bottom"><div class="mobile-product-list-cell_bottom_cart-ui-wrapper"><!----> <!----> <div class="pdl-add-to-cart"><div class="pdl-add-to-cart_button"><button aria-label="Add to cart" data-product-id="136926" data-price="1.25" class="button button--add-to-cart">
      Add to cart
      <!----></button> <!----> <!----> <!----></div> <!----></div></div> <!----></div></div></div> <div class="product-tile_action-items"><!----> <!----> <div class="shopping-list-menu_container"><div class="relative-el"><button aria-label="add to shopping list" class="button pdl-product-detail_top-icon button--fourth pdl-product-detail_top-icon--borderless"><!----> <div class="vector-icon-size--large"><svg xmlns="http://www.w3.org/2000/svg" aria-label="Shopping List Icon Add" viewBox="0 0 32 32" role="presentation" aria-hidden="true" focusable="false" class="vector-icon-color--dark-grey"><title lang="en">Shopping List Icon Add</title><desc></desc><g fill="" stroke=""><g><path d="M21.94066,15.3368884 L21.94066,12.8931995 C21.94066,12.3409148 22.3883752,11.8931995 22.94066,11.8931995 C23.4929447,11.8931995 23.94066,12.3409148 23.94066,12.8931995 L23.94066,15.3368884 L26.2522624,15.3368884 C26.8045471,15.3368884 27.2522624,15.7846037 27.2522624,16.3368884 C27.2522624,16.8891732 26.8045471,17.3368884 26.2522624,17.3368884 L23.94066,17.3368884 L23.94066,19.8787952 C23.94066,20.43108 23.4929447,20.8787952 22.94066,20.8787952 C22.3883752,20.8787952 21.94066,20.43108 21.94066,19.8787952 L21.94066,17.3368884 L19.2666667,17.3368884 C18.7143819,17.3368884 18.2666667,16.8891732 18.2666667,16.3368884 C18.2666667,15.7846037 18.7143819,15.3368884 19.2666667,15.3368884 L21.94066,15.3368884 Z M8,12 C7.44771525,12 7,11.5522847 7,11 C7,10.4477153 7.44771525,10 8,10 L19.1153581,10 C19.6676429,10 20.1153581,10.4477153 20.1153581,11 C20.1153581,11.5522847 19.6676429,12 19.1153581,12 L8,12 Z M8,17.3368884 C7.44771525,17.3368884 7,16.8891732 7,16.3368884 C7,15.7846037 7.44771525,15.3368884 8,15.3368884 L14.7200696,15.3368884 C15.2723543,15.3368884 15.7200696,15.7846037 15.7200696,16.3368884 C15.7200696,16.8891732 15.2723543,17.3368884 14.7200696,17.3368884 L8,17.3368884 Z M8,23 C7.44771525,23 7,22.5522847 7,22 C7,21.4477153 7.44771525,21 8,21 L19.1153581,21 C19.6676429,21 20.1153581,21.4477153 20.1153581,22 C20.1153581,22.5522847 19.6676429,23 19.1153581,23 L8,23 Z" fill="#000000" fill-rule="nonzero"></path></g></g></svg></div> <div class="pdl-product-detail_list-tooltip"><p>Add item to shopping list</p> <em></em></div></button></div></div></div> <!----></li> <!----><!----> <!----> <!----> <!----> <li tabindex="-1" data-product-id="56394" class="slot mobile-product-list-cell"><!----> <!----> <!----> <!----> <div class="mobile-product-list-cell_content"><div><!----> <div class="flag_outer-container"><div class=""><svg xmlns="http://www.w3.org/2000/svg" aria-label="Sale" viewBox="0 0 32 32" role="presentation" aria-hidden="true" focusable="false" class="w-20 ml-3"><title lang="en">Sale</title><desc></desc><g fill="" stroke=""><g><path d="M16.56 19.87a3.81 3.81 0 0 1-1-.13l-13.39-3.5a1.5 1.5 0 0 1-1.12-1.34l-.81-11a1.52 1.52 0 0 1 1.39-1.61l27.69-2h.11a1.51 1.51 0 0 1 1.5 1.4l.82 11a1.52 1.52 0 0 1-.91 1.5l-12.72 5.36a3.79 3.79 0 0 1-1.56.32Z" fill="#ed1256"></path><path fill="#fff" d="M29.43.48a1.26 1.26 0 0 1 1.26 1.17l.82 11a1.27 1.27 0 0 1-.76 1.26L18 19.34a3.72 3.72 0 0 1-1.47.3 3.79 3.79 0 0 1-.94-.12L2.24 16a1.27 1.27 0 0 1-1-1.13l-.81-11a1.26 1.26 0 0 1 1.22-1.33L29.34.48h.09m0-.48h-.13L1.62 2A1.76 1.76 0 0 0 0 3.92l.82 11a1.73 1.73 0 0 0 1.3 1.55L15.5 20a4.3 4.3 0 0 0 1.07.14 4.24 4.24 0 0 0 1.65-.34l12.72-5.44A1.76 1.76 0 0 0 32 12.59l-.82-11A1.76 1.76 0 0 0 29.43 0Z"></path><path fill="#fff" d="M3.74 9.87a3 3 0 0 0 .82.55 2.21 2.21 0 0 0 1.08.19 1.6 1.6 0 0 0 .29 0 1 1 0 0 0 .26-.12.58.58 0 0 0 .18-.2.62.62 0 0 0 0-.31.59.59 0 0 0-.32-.49 3.38 3.38 0 0 0-.85-.34L4.84 9a4.19 4.19 0 0 1-.69-.26 2.44 2.44 0 0 1-.63-.41 1.92 1.92 0 0 1-.7-1.42 2.68 2.68 0 0 1 .1-1A2.2 2.2 0 0 1 3.39 5a2.42 2.42 0 0 1 .82-.6 3.15 3.15 0 0 1 1.17-.28 3.68 3.68 0 0 1 1.72.24 3 3 0 0 1 .57.29A2.66 2.66 0 0 1 8 5l-.82 1.37a4.42 4.42 0 0 0-.82-.45 2 2 0 0 0-.85-.13 1.4 1.4 0 0 0-.28.06A.9.9 0 0 0 5 6a.62.62 0 0 0-.16.2.5.5 0 0 0 0 .28.6.6 0 0 0 .1.31.68.68 0 0 0 .24.2 1.27 1.27 0 0 0 .35.15l.43.13.35.09a7.49 7.49 0 0 1 .69.22 2.2 2.2 0 0 1 .72.42 2.46 2.46 0 0 1 .54.68 2.31 2.31 0 0 1 .27 1 2.15 2.15 0 0 1-.15 1 2.53 2.53 0 0 1-.56.84 2.77 2.77 0 0 1-.88.59 4 4 0 0 1-1.11.27A4.67 4.67 0 0 1 4 12.25a3.79 3.79 0 0 1-1.28-.75ZM11.29 3.89l2.17-.16 3.1 7.7-2 .15L14 10l-2.39.18-.35 1.67-2 .14Zm2.15 4.6-1-2.84-.61 2.95ZM17 3.47l1.89-.14.44 6 3.3-.25.16 1.92-5.19.39ZM23.36 3l5.13-.38.13 1.8-3.24.24.09 1.22 2.66-.2.12 1.7-2.65.2.09 1.35 3.46-.26.13 1.81-5.34.4Z"></path></g></g></svg></div> <!----> <!----> <!----></div></div> <div class="mobile-product-list-cell_left"><div><!----> <img src="data:image/svg+xml;base64,PD94bWwgdmVyc2lvbj0iMS4wIiBlbmNvZGluZz0idXRmLTgiPz4KPCEtLSBHZW5lcmF0ZWQgYnkgSWNvTW9vbi5pbyAtLT4KPCFET0NUWVBFIHN2ZyBQVUJMSUMgIi0vL1czQy8vRFREIFNWRyAxLjEvL0VOIiAiaHR0cDovL3d3dy53My5vcmcvR3JhcGhpY3MvU1ZHLzEuMS9EVEQvc3ZnMTEuZHRkIj4KPHN2ZyB2ZXJzaW9uPSIxLjEiIHhtbG5zPSJodHRwOi8vd3d3LnczLm9yZy8yMDAwL3N2ZyIgeG1sbnM6eGxpbms9Imh0dHA6Ly93d3cudzMub3JnLzE5OTkveGxpbmsiIHdpZHRoPSI0OCIgaGVpZ2h0PSI0OCIgdmlld0JveD0iMCAwIDQ4IDQ4Ij4KPGcgaWQ9Imljb21vb24taWdub3JlIj4KCTxsaW5lIHN0cm9rZS13aWR0aD0iMSIgeDE9IiIgeTE9IiIgeDI9IiIgeTI9IiIgc3Ryb2tlPSIjNDQ5RkRCIiBvcGFjaXR5PSIiPjwvbGluZT4KPC9nPgoJPHBhdGggZD0iTTM4LjQ4IDkuMDcwYzAuMjQ4IDAgMC40NSAwLjIwMiAwLjQ1IDAuNDV2MjguOTU5YzAgMC4yNDgtMC4yMDIgMC40NS0wLjQ1IDAuNDVoLTI4Ljk1OWMtMC4yNDggMC0wLjQ1LTAuMjAyLTAuNDUtMC40NXYtMjguOTU5YzAtMC4yNDggMC4yMDItMC40NSAwLjQ1LTAuNDVoMjguOTU5ek0zOC40OCA4aC0yOC45NTljLTAuODQgMC0xLjUyIDAuNjgxLTEuNTIgMS41MjF2MjguOTU5YzAgMC44NCAwLjY4MSAxLjUyMSAxLjUyIDEuNTIxaDI4Ljk1OWMwLjg0IDAgMS41Mi0wLjY4MSAxLjUyLTEuNTIxdi0yOC45NTljMC0wLjg0LTAuNjgxLTEuNTIxLTEuNTItMS41MjF2MHoiIG9wYWNpdHk9IjEiIHZpc2liaWxpdHk9ImZhbHNlIiBmaWxsPSIjZDdkN2Q3Ij48L3BhdGg+Cgk8cGF0aCBkPSJNMTIuMjI4IDM1LjIyNHYtMy4zMjljMC0wLjE0NSAwLjA1OC0wLjI4NSAwLjE2LTAuMzg4bDUuNTg3LTUuNTg3YzAuMjE0LTAuMjE0IDAuNTYxLTAuMjE0IDAuNzc1IDBsMi4xMTkgMi4xMTljMC4yMTQgMC4yMTQgMC41NjEgMC4yMTQgMC43NzUgMGw4LjE5MS04LjE5MmMwLjIxNC0wLjIxNCAwLjU2MS0wLjIxNCAwLjc3NSAwbDUgNWMwLjEwMyAwLjEwMyAwLjE2IDAuMjQyIDAuMTYgMC4zODh2OS45ODhjMCAwLjMwMy0wLjI0NSAwLjU0OC0wLjU0OCAwLjU0OGgtMjIuNDQ3Yy0wLjMwMyAwLTAuNTQ4LTAuMjQ1LTAuNTQ4LTAuNTQ4eiIgb3BhY2l0eT0iMSIgdmlzaWJpbGl0eT0iZmFsc2UiIGZpbGw9IiNkN2Q3ZDciPjwvcGF0aD4KCTxwYXRoIGQ9Ik0yMS41NDQgMTcuOTY3YzAgMS45ODItMS42MDYgMy41ODgtMy41ODggMy41ODhzLTMuNTg4LTEuNjA2LTMuNTg4LTMuNTg4YzAtMS45ODEgMS42MDYtMy41ODggMy41ODgtMy41ODhzMy41ODggMS42MDYgMy41ODggMy41ODh6IiBvcGFjaXR5PSIxIiB2aXNpYmlsaXR5PSJmYWxzZSIgZmlsbD0iI2Q3ZDdkNyI+PC9wYXRoPgo8L3N2Zz4K" alt="Stop &amp; Shop Cannellini Beans" skeleton-box-size="9rem" class="product-grid-image object-contain"></div></div> <div class="mobile-product-list-cell_info"><div class="product-tile_detail"><div class="skeleton-loader_wrapper cursor-pointer"><div class="product-grid-cell_price-container product-grid-cell_price-container_column product-grid-cell_price-container--mobile"><span class="product-grid-cell_main-price product-grid-cell_main-price--on-sale"><span class="sr-only">
      Sale Price
    </span>
    $0.88
  </span> <div class="product-grid-cell_was-container"><span class="product-grid-cell_regular-price product-grid-cell_regular-price--small"><span class="sr-only">
        Original Price
      </span>
      $1.09
    </span></div></div> <!----></div> <!----></div> <div class="mobile-product-list-cell_name-content"><div class="skeleton-loader_wrapper"><div class="product-grid-cell_name"><a id="product-name-56394-16760862542995247" href="#" data-opens-modal="true" aria-haspopup="dialog" class="product-grid-cell_name-text product-grid-cell_name-text--clamp-2"><span class="vector-icon_inline-text--left mr-0"><div class="vector-icon-size--xsmall"><svg xmlns="http://www.w3.org/2000/svg" aria-label="Ahold Icon" viewBox="0 0 1024 945" role="presentation" aria-hidden="true" focusable="false" class=""><title lang="en">Ahold Icon</title><desc></desc><g fill="" stroke=""><g><path d="M1.893 730.617c-1.289-2.094-2.052-4.631-2.052-7.346 0-.747.058-1.481.169-2.197.158-12.396 10.227-22.466 22.687-22.634h895.306c12.476.168 22.545 10.237 22.713 22.698-.521 3.721-1.182 6.924-2.024 10.053l.131-.574c-86.363 175.072-263.598 293.385-468.466 293.385S88.254 905.689 3.252 733.663l-1.361-3.046z" fill="#F7A800" class="path1"></path> <path d="M107.889 132.495c1.893-1.893 1.893-3.786 3.786-5.678 2.98-3.491 7.385-5.69 12.303-5.69s9.323 2.199 12.284 5.668l.019.022L613.264 603.8c3.491 2.98 5.69 7.385 5.69 12.303s-2.199 9.323-5.668 12.284c-1.399 1.869-3.361 3.216-5.631 3.789l-.069.015c-38.446 13.732-82.796 21.669-129.001 21.669-108.416 0-206.626-43.699-277.977-114.443C130.241 467.591 86.799 369.1 86.799 260.462c0-45.803 7.722-89.803 21.936-130.767l-.845 2.8z" fill="#E2231A" class="path2"></path> <path d="M600.015 1.893a6.922 6.922 0 0 1 5.713-1.889c.057-.006.164-.007.272-.007 7.15 0 12.947 5.796 12.947 12.947 0 .108-.001.215-.004.322v-.016 503.482c.002.091.004.199.004.306 0 7.15-5.796 12.947-12.947 12.947-.108 0-.215-.001-.322-.004a6.925 6.925 0 0 1-5.665-1.895l.002.002c-98.273-48.542-164.673-148.065-164.673-263.098S501.743 50.434 598.306 2.657l1.709-.765z" fill="#712177" class="path3"></path> <path d="M938.824 283.919c1.893 0 1.893 1.893 3.786 1.893 1.765 2.012 2.841 4.666 2.841 7.571s-1.077 5.559-2.853 7.584l.011-.013-268.776 266.884c-2.012 1.765-4.666 2.841-7.571 2.841s-5.559-1.077-7.584-2.853a3.774 3.774 0 0 1-1.877-3.793l-.002.019c-7.681-21.529-12.12-46.363-12.12-72.235 0-61.263 24.891-116.712 65.111-156.786 39.326-39.792 93.895-64.431 154.219-64.431 26.857 0 52.573 4.884 76.309 13.812l-1.494-.493z" fill="#82BC00" class="path4"></path></g></g></svg></div></span>
    Stop &amp; Shop Cannellini Beans
  </a></div> <!----> <!----></div> <div class="skeleton-loader_wrapper"><div class="product-grid-cell_sizes"><span class="product-grid-cell_size">
    15.5 OZ CAN
  </span> <span aria-hidden="true">
    |
  </span> <!----> <span class="product-grid-cell_unit">
    $0.06 / OZ
  </span></div> <!----></div> <!----> <!----> <!----> <!----> <!----> <!----> <!----></div> <div class="mobile-product-list-cell_bottom"><div class="mobile-product-list-cell_bottom_cart-ui-wrapper"><!----> <!----> <div class="pdl-add-to-cart"><div class="pdl-add-to-cart_button"><button aria-label="Add to cart" data-product-id="56394" data-price="0.88" class="button button--add-to-cart add-sale">
      Add to cart
      <!----></button> <!----> <!----> <!----></div> <!----></div></div> <!----></div></div></div> <div class="product-tile_action-items"><!----> <!----> <div class="shopping-list-menu_container"><div class="relative-el"><button aria-label="add to shopping list" class="button pdl-product-detail_top-icon button--fourth pdl-product-detail_top-icon--borderless"><!----> <div class="vector-icon-size--large"><svg xmlns="http://www.w3.org/2000/svg" aria-label="Shopping List Icon Add" viewBox="0 0 32 32" role="presentation" aria-hidden="true" focusable="false" class="vector-icon-color--dark-grey"><title lang="en">Shopping List Icon Add</title><desc></desc><g fill="" stroke=""><g><path d="M21.94066,15.3368884 L21.94066,12.8931995 C21.94066,12.3409148 22.3883752,11.8931995 22.94066,11.8931995 C23.4929447,11.8931995 23.94066,12.3409148 23.94066,12.8931995 L23.94066,15.3368884 L26.2522624,15.3368884 C26.8045471,15.3368884 27.2522624,15.7846037 27.2522624,16.3368884 C27.2522624,16.8891732 26.8045471,17.3368884 26.2522624,17.3368884 L23.94066,17.3368884 L23.94066,19.8787952 C23.94066,20.43108 23.4929447,20.8787952 22.94066,20.8787952 C22.3883752,20.8787952 21.94066,20.43108 21.94066,19.8787952 L21.94066,17.3368884 L19.2666667,17.3368884 C18.7143819,17.3368884 18.2666667,16.8891732 18.2666667,16.3368884 C18.2666667,15.7846037 18.7143819,15.3368884 19.2666667,15.3368884 L21.94066,15.3368884 Z M8,12 C7.44771525,12 7,11.5522847 7,11 C7,10.4477153 7.44771525,10 8,10 L19.1153581,10 C19.6676429,10 20.1153581,10.4477153 20.1153581,11 C20.1153581,11.5522847 19.6676429,12 19.1153581,12 L8,12 Z M8,17.3368884 C7.44771525,17.3368884 7,16.8891732 7,16.3368884 C7,15.7846037 7.44771525,15.3368884 8,15.3368884 L14.7200696,15.3368884 C15.2723543,15.3368884 15.7200696,15.7846037 15.7200696,16.3368884 C15.7200696,16.8891732 15.2723543,17.3368884 14.7200696,17.3368884 L8,17.3368884 Z M8,23 C7.44771525,23 7,22.5522847 7,22 C7,21.4477153 7.44771525,21 8,21 L19.1153581,21 C19.6676429,21 20.1153581,21.4477153 20.1153581,22 C20.1153581,22.5522847 19.6676429,23 19.1153581,23 L8,23 Z" fill="#000000" fill-rule="nonzero"></path></g></g></svg></div> <div class="pdl-product-detail_list-tooltip"><p>Add item to shopping list</p> <em></em></div></button></div></div></div> <!----></li> <!----><!----> <!----> <!----> <!----> <li tabindex="-1" data-product-id="118782" class="slot mobile-product-list-cell"><!----> <!----> <!----> <!----> <div class="mobile-product-list-cell_content"><div><!----> <div class="flag_outer-container"><!----> <!----> <!----> <!----></div></div> <div class="mobile-product-list-cell_left"><div><!----> <img src="data:image/svg+xml;base64,PD94bWwgdmVyc2lvbj0iMS4wIiBlbmNvZGluZz0idXRmLTgiPz4KPCEtLSBHZW5lcmF0ZWQgYnkgSWNvTW9vbi5pbyAtLT4KPCFET0NUWVBFIHN2ZyBQVUJMSUMgIi0vL1czQy8vRFREIFNWRyAxLjEvL0VOIiAiaHR0cDovL3d3dy53My5vcmcvR3JhcGhpY3MvU1ZHLzEuMS9EVEQvc3ZnMTEuZHRkIj4KPHN2ZyB2ZXJzaW9uPSIxLjEiIHhtbG5zPSJodHRwOi8vd3d3LnczLm9yZy8yMDAwL3N2ZyIgeG1sbnM6eGxpbms9Imh0dHA6Ly93d3cudzMub3JnLzE5OTkveGxpbmsiIHdpZHRoPSI0OCIgaGVpZ2h0PSI0OCIgdmlld0JveD0iMCAwIDQ4IDQ4Ij4KPGcgaWQ9Imljb21vb24taWdub3JlIj4KCTxsaW5lIHN0cm9rZS13aWR0aD0iMSIgeDE9IiIgeTE9IiIgeDI9IiIgeTI9IiIgc3Ryb2tlPSIjNDQ5RkRCIiBvcGFjaXR5PSIiPjwvbGluZT4KPC9nPgoJPHBhdGggZD0iTTM4LjQ4IDkuMDcwYzAuMjQ4IDAgMC40NSAwLjIwMiAwLjQ1IDAuNDV2MjguOTU5YzAgMC4yNDgtMC4yMDIgMC40NS0wLjQ1IDAuNDVoLTI4Ljk1OWMtMC4yNDggMC0wLjQ1LTAuMjAyLTAuNDUtMC40NXYtMjguOTU5YzAtMC4yNDggMC4yMDItMC40NSAwLjQ1LTAuNDVoMjguOTU5ek0zOC40OCA4aC0yOC45NTljLTAuODQgMC0xLjUyIDAuNjgxLTEuNTIgMS41MjF2MjguOTU5YzAgMC44NCAwLjY4MSAxLjUyMSAxLjUyIDEuNTIxaDI4Ljk1OWMwLjg0IDAgMS41Mi0wLjY4MSAxLjUyLTEuNTIxdi0yOC45NTljMC0wLjg0LTAuNjgxLTEuNTIxLTEuNTItMS41MjF2MHoiIG9wYWNpdHk9IjEiIHZpc2liaWxpdHk9ImZhbHNlIiBmaWxsPSIjZDdkN2Q3Ij48L3BhdGg+Cgk8cGF0aCBkPSJNMTIuMjI4IDM1LjIyNHYtMy4zMjljMC0wLjE0NSAwLjA1OC0wLjI4NSAwLjE2LTAuMzg4bDUuNTg3LTUuNTg3YzAuMjE0LTAuMjE0IDAuNTYxLTAuMjE0IDAuNzc1IDBsMi4xMTkgMi4xMTljMC4yMTQgMC4yMTQgMC41NjEgMC4yMTQgMC43NzUgMGw4LjE5MS04LjE5MmMwLjIxNC0wLjIxNCAwLjU2MS0wLjIxNCAwLjc3NSAwbDUgNWMwLjEwMyAwLjEwMyAwLjE2IDAuMjQyIDAuMTYgMC4zODh2OS45ODhjMCAwLjMwMy0wLjI0NSAwLjU0OC0wLjU0OCAwLjU0OGgtMjIuNDQ3Yy0wLjMwMyAwLTAuNTQ4LTAuMjQ1LTAuNTQ4LTAuNTQ4eiIgb3BhY2l0eT0iMSIgdmlzaWJpbGl0eT0iZmFsc2UiIGZpbGw9IiNkN2Q3ZDciPjwvcGF0aD4KCTxwYXRoIGQ9Ik0yMS41NDQgMTcuOTY3YzAgMS45ODItMS42MDYgMy41ODgtMy41ODggMy41ODhzLTMuNTg4LTEuNjA2LTMuNTg4LTMuNTg4YzAtMS45ODEgMS42MDYtMy41ODggMy41ODgtMy41ODhzMy41ODggMS42MDYgMy41ODggMy41ODh6IiBvcGFjaXR5PSIxIiB2aXNpYmlsaXR5PSJmYWxzZSIgZmlsbD0iI2Q3ZDdkNyI+PC9wYXRoPgo8L3N2Zz4K" alt="Stop &amp; Shop Carrots Peeled Baby Cut" skeleton-box-size="9rem" class="product-grid-image object-contain"></div></div> <div class="mobile-product-list-cell_info"><div class="product-tile_detail"><div class="skeleton-loader_wrapper cursor-pointer"><div class="product-grid-cell_price-container product-grid-cell_price-container--mobile"><span class="product-grid-cell_main-price"><!---->
    $2.79
  </span> <!----></div> <!----></div> <!----></div> <div class="mobile-product-list-cell_name-content"><div class="skeleton-loader_wrapper"><div class="product-grid-cell_name"><a id="product-name-118782-16760862543027906" href="#" data-opens-modal="true" aria-haspopup="dialog" class="product-grid-cell_name-text product-grid-cell_name-text--clamp-2"><span class="vector-icon_inline-text--left mr-0"><div class="vector-icon-size--xsmall"><svg xmlns="http://www.w3.org/2000/svg" aria-label="Ahold Icon" viewBox="0 0 1024 945" role="presentation" aria-hidden="true" focusable="false" class=""><title lang="en">Ahold Icon</title><desc></desc><g fill="" stroke=""><g><path d="M1.893 730.617c-1.289-2.094-2.052-4.631-2.052-7.346 0-.747.058-1.481.169-2.197.158-12.396 10.227-22.466 22.687-22.634h895.306c12.476.168 22.545 10.237 22.713 22.698-.521 3.721-1.182 6.924-2.024 10.053l.131-.574c-86.363 175.072-263.598 293.385-468.466 293.385S88.254 905.689 3.252 733.663l-1.361-3.046z" fill="#F7A800" class="path1"></path> <path d="M107.889 132.495c1.893-1.893 1.893-3.786 3.786-5.678 2.98-3.491 7.385-5.69 12.303-5.69s9.323 2.199 12.284 5.668l.019.022L613.264 603.8c3.491 2.98 5.69 7.385 5.69 12.303s-2.199 9.323-5.668 12.284c-1.399 1.869-3.361 3.216-5.631 3.789l-.069.015c-38.446 13.732-82.796 21.669-129.001 21.669-108.416 0-206.626-43.699-277.977-114.443C130.241 467.591 86.799 369.1 86.799 260.462c0-45.803 7.722-89.803 21.936-130.767l-.845 2.8z" fill="#E2231A" class="path2"></path> <path d="M600.015 1.893a6.922 6.922 0 0 1 5.713-1.889c.057-.006.164-.007.272-.007 7.15 0 12.947 5.796 12.947 12.947 0 .108-.001.215-.004.322v-.016 503.482c.002.091.004.199.004.306 0 7.15-5.796 12.947-12.947 12.947-.108 0-.215-.001-.322-.004a6.925 6.925 0 0 1-5.665-1.895l.002.002c-98.273-48.542-164.673-148.065-164.673-263.098S501.743 50.434 598.306 2.657l1.709-.765z" fill="#712177" class="path3"></path> <path d="M938.824 283.919c1.893 0 1.893 1.893 3.786 1.893 1.765 2.012 2.841 4.666 2.841 7.571s-1.077 5.559-2.853 7.584l.011-.013-268.776 266.884c-2.012 1.765-4.666 2.841-7.571 2.841s-5.559-1.077-7.584-2.853a3.774 3.774 0 0 1-1.877-3.793l-.002.019c-7.681-21.529-12.12-46.363-12.12-72.235 0-61.263 24.891-116.712 65.111-156.786 39.326-39.792 93.895-64.431 154.219-64.431 26.857 0 52.573 4.884 76.309 13.812l-1.494-.493z" fill="#82BC00" class="path4"></path></g></g></svg></div></span>
    Stop &amp; Shop Carrots Peeled Baby Cut
  </a></div> <!----> <!----></div> <div class="skeleton-loader_wrapper"><div class="product-grid-cell_sizes"><span class="product-grid-cell_size">
    32 OZ BAG
  </span> <span aria-hidden="true">
    |
  </span> <!----> <span class="product-grid-cell_unit">
    $0.09 / OZ
  </span></div> <!----></div> <!----> <!----> <!----> <!----> <!----> <!----> <!----></div> <div class="mobile-product-list-cell_bottom"><div class="mobile-product-list-cell_bottom_cart-ui-wrapper"><!----> <!----> <div class="pdl-add-to-cart"><div class="pdl-add-to-cart_button"><button aria-label="Add to cart" data-product-id="118782" data-price="2.79" class="button button--add-to-cart">
      Add to cart
      <!----></button> <!----> <!----> <!----></div> <!----></div></div> <!----></div></div></div> <div class="product-tile_action-items"><!----> <!----> <div class="shopping-list-menu_container"><div class="relative-el"><button aria-label="add to shopping list" class="button pdl-product-detail_top-icon button--fourth pdl-product-detail_top-icon--borderless"><!----> <div class="vector-icon-size--large"><svg xmlns="http://www.w3.org/2000/svg" aria-label="Shopping List Icon Add" viewBox="0 0 32 32" role="presentation" aria-hidden="true" focusable="false" class="vector-icon-color--dark-grey"><title lang="en">Shopping List Icon Add</title><desc></desc><g fill="" stroke=""><g><path d="M21.94066,15.3368884 L21.94066,12.8931995 C21.94066,12.3409148 22.3883752,11.8931995 22.94066,11.8931995 C23.4929447,11.8931995 23.94066,12.3409148 23.94066,12.8931995 L23.94066,15.3368884 L26.2522624,15.3368884 C26.8045471,15.3368884 27.2522624,15.7846037 27.2522624,16.3368884 C27.2522624,16.8891732 26.8045471,17.3368884 26.2522624,17.3368884 L23.94066,17.3368884 L23.94066,19.8787952 C23.94066,20.43108 23.4929447,20.8787952 22.94066,20.8787952 C22.3883752,20.8787952 21.94066,20.43108 21.94066,19.8787952 L21.94066,17.3368884 L19.2666667,17.3368884 C18.7143819,17.3368884 18.2666667,16.8891732 18.2666667,16.3368884 C18.2666667,15.7846037 18.7143819,15.3368884 19.2666667,15.3368884 L21.94066,15.3368884 Z M8,12 C7.44771525,12 7,11.5522847 7,11 C7,10.4477153 7.44771525,10 8,10 L19.1153581,10 C19.6676429,10 20.1153581,10.4477153 20.1153581,11 C20.1153581,11.5522847 19.6676429,12 19.1153581,12 L8,12 Z M8,17.3368884 C7.44771525,17.3368884 7,16.8891732 7,16.3368884 C7,15.7846037 7.44771525,15.3368884 8,15.3368884 L14.7200696,15.3368884 C15.2723543,15.3368884 15.7200696,15.7846037 15.7200696,16.3368884 C15.7200696,16.8891732 15.2723543,17.3368884 14.7200696,17.3368884 L8,17.3368884 Z M8,23 C7.44771525,23 7,22.5522847 7,22 C7,21.4477153 7.44771525,21 8,21 L19.1153581,21 C19.6676429,21 20.1153581,21.4477153 20.1153581,22 C20.1153581,22.5522847 19.6676429,23 19.1153581,23 L8,23 Z" fill="#000000" fill-rule="nonzero"></path></g></g></svg></div> <div class="pdl-product-detail_list-tooltip"><p>Add item to shopping list</p> <em></em></div></button></div></div></div> <!----></li> <!----><!----> <!----> <!----> <!----> <li tabindex="-1" data-product-id="301915" class="slot mobile-product-list-cell"><!----> <!----> <!----> <!----> <div class="mobile-product-list-cell_content"><div><!----> <div class="flag_outer-container"><!----> <!----> <!----> <!----></div></div> <div class="mobile-product-list-cell_left"><div><!----> <img src="data:image/svg+xml;base64,PD94bWwgdmVyc2lvbj0iMS4wIiBlbmNvZGluZz0idXRmLTgiPz4KPCEtLSBHZW5lcmF0ZWQgYnkgSWNvTW9vbi5pbyAtLT4KPCFET0NUWVBFIHN2ZyBQVUJMSUMgIi0vL1czQy8vRFREIFNWRyAxLjEvL0VOIiAiaHR0cDovL3d3dy53My5vcmcvR3JhcGhpY3MvU1ZHLzEuMS9EVEQvc3ZnMTEuZHRkIj4KPHN2ZyB2ZXJzaW9uPSIxLjEiIHhtbG5zPSJodHRwOi8vd3d3LnczLm9yZy8yMDAwL3N2ZyIgeG1sbnM6eGxpbms9Imh0dHA6Ly93d3cudzMub3JnLzE5OTkveGxpbmsiIHdpZHRoPSI0OCIgaGVpZ2h0PSI0OCIgdmlld0JveD0iMCAwIDQ4IDQ4Ij4KPGcgaWQ9Imljb21vb24taWdub3JlIj4KCTxsaW5lIHN0cm9rZS13aWR0aD0iMSIgeDE9IiIgeTE9IiIgeDI9IiIgeTI9IiIgc3Ryb2tlPSIjNDQ5RkRCIiBvcGFjaXR5PSIiPjwvbGluZT4KPC9nPgoJPHBhdGggZD0iTTM4LjQ4IDkuMDcwYzAuMjQ4IDAgMC40NSAwLjIwMiAwLjQ1IDAuNDV2MjguOTU5YzAgMC4yNDgtMC4yMDIgMC40NS0wLjQ1IDAuNDVoLTI4Ljk1OWMtMC4yNDggMC0wLjQ1LTAuMjAyLTAuNDUtMC40NXYtMjguOTU5YzAtMC4yNDggMC4yMDItMC40NSAwLjQ1LTAuNDVoMjguOTU5ek0zOC40OCA4aC0yOC45NTljLTAuODQgMC0xLjUyIDAuNjgxLTEuNTIgMS41MjF2MjguOTU5YzAgMC44NCAwLjY4MSAxLjUyMSAxLjUyIDEuNTIxaDI4Ljk1OWMwLjg0IDAgMS41Mi0wLjY4MSAxLjUyLTEuNTIxdi0yOC45NTljMC0wLjg0LTAuNjgxLTEuNTIxLTEuNTItMS41MjF2MHoiIG9wYWNpdHk9IjEiIHZpc2liaWxpdHk9ImZhbHNlIiBmaWxsPSIjZDdkN2Q3Ij48L3BhdGg+Cgk8cGF0aCBkPSJNMTIuMjI4IDM1LjIyNHYtMy4zMjljMC0wLjE0NSAwLjA1OC0wLjI4NSAwLjE2LTAuMzg4bDUuNTg3LTUuNTg3YzAuMjE0LTAuMjE0IDAuNTYxLTAuMjE0IDAuNzc1IDBsMi4xMTkgMi4xMTljMC4yMTQgMC4yMTQgMC41NjEgMC4yMTQgMC43NzUgMGw4LjE5MS04LjE5MmMwLjIxNC0wLjIxNCAwLjU2MS0wLjIxNCAwLjc3NSAwbDUgNWMwLjEwMyAwLjEwMyAwLjE2IDAuMjQyIDAuMTYgMC4zODh2OS45ODhjMCAwLjMwMy0wLjI0NSAwLjU0OC0wLjU0OCAwLjU0OGgtMjIuNDQ3Yy0wLjMwMyAwLTAuNTQ4LTAuMjQ1LTAuNTQ4LTAuNTQ4eiIgb3BhY2l0eT0iMSIgdmlzaWJpbGl0eT0iZmFsc2UiIGZpbGw9IiNkN2Q3ZDciPjwvcGF0aD4KCTxwYXRoIGQ9Ik0yMS41NDQgMTcuOTY3YzAgMS45ODItMS42MDYgMy41ODgtMy41ODggMy41ODhzLTMuNTg4LTEuNjA2LTMuNTg4LTMuNTg4YzAtMS45ODEgMS42MDYtMy41ODggMy41ODgtMy41ODhzMy41ODggMS42MDYgMy41ODggMy41ODh6IiBvcGFjaXR5PSIxIiB2aXNpYmlsaXR5PSJmYWxzZSIgZmlsbD0iI2Q3ZDdkNyI+PC9wYXRoPgo8L3N2Zz4K" alt="Stop &amp; Shop Chicken Thighs Bone-In All Natural Value Pack" skeleton-box-size="9rem" class="product-grid-image object-contain"></div></div> <div class="mobile-product-list-cell_info"><div class="product-tile_detail"><div class="skeleton-loader_wrapper cursor-pointer"><div class="product-grid-cell_price-container product-grid-cell_price-container--mobile"><span class="product-grid-cell_main-price"><!---->
    $9.45
  </span> <!----></div> <!----></div> <!----></div> <div class="mobile-product-list-cell_name-content"><div class="skeleton-loader_wrapper"><div class="product-grid-cell_name"><a id="product-name-301915-16760862543054278" href="#" data-opens-modal="true" aria-haspopup="dialog" class="product-grid-cell_name-text product-grid-cell_name-text--clamp-2"><span class="vector-icon_inline-text--left mr-0"><div class="vector-icon-size--xsmall"><svg xmlns="http://www.w3.org/2000/svg" aria-label="Ahold Icon" viewBox="0 0 1024 945" role="presentation" aria-hidden="true" focusable="false" class=""><title lang="en">Ahold Icon</title><desc></desc><g fill="" stroke=""><g><path d="M1.893 730.617c-1.289-2.094-2.052-4.631-2.052-7.346 0-.747.058-1.481.169-2.197.158-12.396 10.227-22.466 22.687-22.634h895.306c12.476.168 22.545 10.237 22.713 22.698-.521 3.721-1.182 6.924-2.024 10.053l.131-.574c-86.363 175.072-263.598 293.385-468.466 293.385S88.254 905.689 3.252 733.663l-1.361-3.046z" fill="#F7A800" class="path1"></path> <path d="M107.889 132.495c1.893-1.893 1.893-3.786 3.786-5.678 2.98-3.491 7.385-5.69 12.303-5.69s9.323 2.199 12.284 5.668l.019.022L613.264 603.8c3.491 2.98 5.69 7.385 5.69 12.303s-2.199 9.323-5.668 12.284c-1.399 1.869-3.361 3.216-5.631 3.789l-.069.015c-38.446 13.732-82.796 21.669-129.001 21.669-108.416 0-206.626-43.699-277.977-114.443C130.241 467.591 86.799 369.1 86.799 260.462c0-45.803 7.722-89.803 21.936-130.767l-.845 2.8z" fill="#E2231A" class="path2"></path> <path d="M600.015 1.893a6.922 6.922 0 0 1 5.713-1.889c.057-.006.164-.007.272-.007 7.15 0 12.947 5.796 12.947 12.947 0 .108-.001.215-.004.322v-.016 503.482c.002.091.004.199.004.306 0 7.15-5.796 12.947-12.947 12.947-.108 0-.215-.001-.322-.004a6.925 6.925 0 0 1-5.665-1.895l.002.002c-98.273-48.542-164.673-148.065-164.673-263.098S501.743 50.434 598.306 2.657l1.709-.765z" fill="#712177" class="path3"></path> <path d="M938.824 283.919c1.893 0 1.893 1.893 3.786 1.893 1.765 2.012 2.841 4.666 2.841 7.571s-1.077 5.559-2.853 7.584l.011-.013-268.776 266.884c-2.012 1.765-4.666 2.841-7.571 2.841s-5.559-1.077-7.584-2.853a3.774 3.774 0 0 1-1.877-3.793l-.002.019c-7.681-21.529-12.12-46.363-12.12-72.235 0-61.263 24.891-116.712 65.111-156.786 39.326-39.792 93.895-64.431 154.219-64.431 26.857 0 52.573 4.884 76.309 13.812l-1.494-.493z" fill="#82BC00" class="path4"></path></g></g></svg></div></span>
    Stop &amp; Shop Chicken Thighs Bone-In All Natural Value Pack
  </a></div> <!----> <!----></div> <div class="skeleton-loader_wrapper"><div class="product-grid-cell_sizes"><span class="product-grid-cell_size">
    APX 5 LB
  </span> <span aria-hidden="true">
    |
  </span> <!----> <span class="product-grid-cell_unit">
    $1.89 / LB
  </span></div> <!----></div> <!----> <!----> <!----> <!----> <!----> <!----> <!----></div> <div class="mobile-product-list-cell_bottom"><div class="mobile-product-list-cell_bottom_cart-ui-wrapper"><!----> <!----> <div class="pdl-add-to-cart"><div class="pdl-add-to-cart_button"><button aria-label="Add to cart" data-product-id="301915" data-price="9.45" class="button button--add-to-cart">
      Add to cart
      <!----></button> <!----> <!----> <!----></div> <!----></div></div> <!----></div></div></div> <div class="product-tile_action-items"><!----> <!----> <div class="shopping-list-menu_container"><div class="relative-el"><button aria-label="add to shopping list" class="button pdl-product-detail_top-icon button--fourth pdl-product-detail_top-icon--borderless"><!----> <div class="vector-icon-size--large"><svg xmlns="http://www.w3.org/2000/svg" aria-label="Shopping List Icon Add" viewBox="0 0 32 32" role="presentation" aria-hidden="true" focusable="false" class="vector-icon-color--dark-grey"><title lang="en">Shopping List Icon Add</title><desc></desc><g fill="" stroke=""><g><path d="M21.94066,15.3368884 L21.94066,12.8931995 C21.94066,12.3409148 22.3883752,11.8931995 22.94066,11.8931995 C23.4929447,11.8931995 23.94066,12.3409148 23.94066,12.8931995 L23.94066,15.3368884 L26.2522624,15.3368884 C26.8045471,15.3368884 27.2522624,15.7846037 27.2522624,16.3368884 C27.2522624,16.8891732 26.8045471,17.3368884 26.2522624,17.3368884 L23.94066,17.3368884 L23.94066,19.8787952 C23.94066,20.43108 23.4929447,20.8787952 22.94066,20.8787952 C22.3883752,20.8787952 21.94066,20.43108 21.94066,19.8787952 L21.94066,17.3368884 L19.2666667,17.3368884 C18.7143819,17.3368884 18.2666667,16.8891732 18.2666667,16.3368884 C18.2666667,15.7846037 18.7143819,15.3368884 19.2666667,15.3368884 L21.94066,15.3368884 Z M8,12 C7.44771525,12 7,11.5522847 7,11 C7,10.4477153 7.44771525,10 8,10 L19.1153581,10 C19.6676429,10 20.1153581,10.4477153 20.1153581,11 C20.1153581,11.5522847 19.6676429,12 19.1153581,12 L8,12 Z M8,17.3368884 C7.44771525,17.3368884 7,16.8891732 7,16.3368884 C7,15.7846037 7.44771525,15.3368884 8,15.3368884 L14.7200696,15.3368884 C15.2723543,15.3368884 15.7200696,15.7846037 15.7200696,16.3368884 C15.7200696,16.8891732 15.2723543,17.3368884 14.7200696,17.3368884 L8,17.3368884 Z M8,23 C7.44771525,23 7,22.5522847 7,22 C7,21.4477153 7.44771525,21 8,21 L19.1153581,21 C19.6676429,21 20.1153581,21.4477153 20.1153581,22 C20.1153581,22.5522847 19.6676429,23 19.1153581,23 L8,23 Z" fill="#000000" fill-rule="nonzero"></path></g></g></svg></div> <div class="pdl-product-detail_list-tooltip"><p>Add item to shopping list</p> <em></em></div></button></div></div></div> <!----></li> <!----><!----> <!----> <!----> <!----> <li tabindex="-1" data-product-id="56609" class="slot mobile-product-list-cell"><!----> <!----> <!----> <!----> <div class="mobile-product-list-cell_content"><div><!----> <div class="flag_outer-container"><!----> <!----> <!----> <!----></div></div> <div class="mobile-product-list-cell_left"><div><!----> <img src="data:image/svg+xml;base64,PD94bWwgdmVyc2lvbj0iMS4wIiBlbmNvZGluZz0idXRmLTgiPz4KPCEtLSBHZW5lcmF0ZWQgYnkgSWNvTW9vbi5pbyAtLT4KPCFET0NUWVBFIHN2ZyBQVUJMSUMgIi0vL1czQy8vRFREIFNWRyAxLjEvL0VOIiAiaHR0cDovL3d3dy53My5vcmcvR3JhcGhpY3MvU1ZHLzEuMS9EVEQvc3ZnMTEuZHRkIj4KPHN2ZyB2ZXJzaW9uPSIxLjEiIHhtbG5zPSJodHRwOi8vd3d3LnczLm9yZy8yMDAwL3N2ZyIgeG1sbnM6eGxpbms9Imh0dHA6Ly93d3cudzMub3JnLzE5OTkveGxpbmsiIHdpZHRoPSI0OCIgaGVpZ2h0PSI0OCIgdmlld0JveD0iMCAwIDQ4IDQ4Ij4KPGcgaWQ9Imljb21vb24taWdub3JlIj4KCTxsaW5lIHN0cm9rZS13aWR0aD0iMSIgeDE9IiIgeTE9IiIgeDI9IiIgeTI9IiIgc3Ryb2tlPSIjNDQ5RkRCIiBvcGFjaXR5PSIiPjwvbGluZT4KPC9nPgoJPHBhdGggZD0iTTM4LjQ4IDkuMDcwYzAuMjQ4IDAgMC40NSAwLjIwMiAwLjQ1IDAuNDV2MjguOTU5YzAgMC4yNDgtMC4yMDIgMC40NS0wLjQ1IDAuNDVoLTI4Ljk1OWMtMC4yNDggMC0wLjQ1LTAuMjAyLTAuNDUtMC40NXYtMjguOTU5YzAtMC4yNDggMC4yMDItMC40NSAwLjQ1LTAuNDVoMjguOTU5ek0zOC40OCA4aC0yOC45NTljLTAuODQgMC0xLjUyIDAuNjgxLTEuNTIgMS41MjF2MjguOTU5YzAgMC44NCAwLjY4MSAxLjUyMSAxLjUyIDEuNTIxaDI4Ljk1OWMwLjg0IDAgMS41Mi0wLjY4MSAxLjUyLTEuNTIxdi0yOC45NTljMC0wLjg0LTAuNjgxLTEuNTIxLTEuNTItMS41MjF2MHoiIG9wYWNpdHk9IjEiIHZpc2liaWxpdHk9ImZhbHNlIiBmaWxsPSIjZDdkN2Q3Ij48L3BhdGg+Cgk8cGF0aCBkPSJNMTIuMjI4IDM1LjIyNHYtMy4zMjljMC0wLjE0NSAwLjA1OC0wLjI4NSAwLjE2LTAuMzg4bDUuNTg3LTUuNTg3YzAuMjE0LTAuMjE0IDAuNTYxLTAuMjE0IDAuNzc1IDBsMi4xMTkgMi4xMTljMC4yMTQgMC4yMTQgMC41NjEgMC4yMTQgMC43NzUgMGw4LjE5MS04LjE5MmMwLjIxNC0wLjIxNCAwLjU2MS0wLjIxNCAwLjc3NSAwbDUgNWMwLjEwMyAwLjEwMyAwLjE2IDAuMjQyIDAuMTYgMC4zODh2OS45ODhjMCAwLjMwMy0wLjI0NSAwLjU0OC0wLjU0OCAwLjU0OGgtMjIuNDQ3Yy0wLjMwMyAwLTAuNTQ4LTAuMjQ1LTAuNTQ4LTAuNTQ4eiIgb3BhY2l0eT0iMSIgdmlzaWJpbGl0eT0iZmFsc2UiIGZpbGw9IiNkN2Q3ZDciPjwvcGF0aD4KCTxwYXRoIGQ9Ik0yMS41NDQgMTcuOTY3YzAgMS45ODItMS42MDYgMy41ODgtMy41ODggMy41ODhzLTMuNTg4LTEuNjA2LTMuNTg4LTMuNTg4YzAtMS45ODEgMS42MDYtMy41ODggMy41ODgtMy41ODhzMy41ODggMS42MDYgMy41ODggMy41ODh6IiBvcGFjaXR5PSIxIiB2aXNpYmlsaXR5PSJmYWxzZSIgZmlsbD0iI2Q3ZDdkNyI+PC9wYXRoPgo8L3N2Zz4K" alt="Stop &amp; Shop English Muffins Original Ready Split - 6 ct" skeleton-box-size="9rem" class="product-grid-image object-contain"></div></div> <div class="mobile-product-list-cell_info"><div class="product-tile_detail"><div class="skeleton-loader_wrapper cursor-pointer"><div class="product-grid-cell_price-container product-grid-cell_price-container--mobile"><span class="product-grid-cell_main-price"><!---->
    $1.99
  </span> <!----></div> <!----></div> <!----></div> <div class="mobile-product-list-cell_name-content"><div class="skeleton-loader_wrapper"><div class="product-grid-cell_name"><a id="product-name-56609-16760862543187095" href="#" data-opens-modal="true" aria-haspopup="dialog" class="product-grid-cell_name-text product-grid-cell_name-text--clamp-2"><span class="vector-icon_inline-text--left mr-0"><div class="vector-icon-size--xsmall"><svg xmlns="http://www.w3.org/2000/svg" aria-label="Ahold Icon" viewBox="0 0 1024 945" role="presentation" aria-hidden="true" focusable="false" class=""><title lang="en">Ahold Icon</title><desc></desc><g fill="" stroke=""><g><path d="M1.893 730.617c-1.289-2.094-2.052-4.631-2.052-7.346 0-.747.058-1.481.169-2.197.158-12.396 10.227-22.466 22.687-22.634h895.306c12.476.168 22.545 10.237 22.713 22.698-.521 3.721-1.182 6.924-2.024 10.053l.131-.574c-86.363 175.072-263.598 293.385-468.466 293.385S88.254 905.689 3.252 733.663l-1.361-3.046z" fill="#F7A800" class="path1"></path> <path d="M107.889 132.495c1.893-1.893 1.893-3.786 3.786-5.678 2.98-3.491 7.385-5.69 12.303-5.69s9.323 2.199 12.284 5.668l.019.022L613.264 603.8c3.491 2.98 5.69 7.385 5.69 12.303s-2.199 9.323-5.668 12.284c-1.399 1.869-3.361 3.216-5.631 3.789l-.069.015c-38.446 13.732-82.796 21.669-129.001 21.669-108.416 0-206.626-43.699-277.977-114.443C130.241 467.591 86.799 369.1 86.799 260.462c0-45.803 7.722-89.803 21.936-130.767l-.845 2.8z" fill="#E2231A" class="path2"></path> <path d="M600.015 1.893a6.922 6.922 0 0 1 5.713-1.889c.057-.006.164-.007.272-.007 7.15 0 12.947 5.796 12.947 12.947 0 .108-.001.215-.004.322v-.016 503.482c.002.091.004.199.004.306 0 7.15-5.796 12.947-12.947 12.947-.108 0-.215-.001-.322-.004a6.925 6.925 0 0 1-5.665-1.895l.002.002c-98.273-48.542-164.673-148.065-164.673-263.098S501.743 50.434 598.306 2.657l1.709-.765z" fill="#712177" class="path3"></path> <path d="M938.824 283.919c1.893 0 1.893 1.893 3.786 1.893 1.765 2.012 2.841 4.666 2.841 7.571s-1.077 5.559-2.853 7.584l.011-.013-268.776 266.884c-2.012 1.765-4.666 2.841-7.571 2.841s-5.559-1.077-7.584-2.853a3.774 3.774 0 0 1-1.877-3.793l-.002.019c-7.681-21.529-12.12-46.363-12.12-72.235 0-61.263 24.891-116.712 65.111-156.786 39.326-39.792 93.895-64.431 154.219-64.431 26.857 0 52.573 4.884 76.309 13.812l-1.494-.493z" fill="#82BC00" class="path4"></path></g></g></svg></div></span>
    Stop &amp; Shop English Muffins Original Ready Split - 6 ct
  </a></div> <!----> <!----></div> <div class="skeleton-loader_wrapper"><div class="product-grid-cell_sizes"><span class="product-grid-cell_size">
    12 OZ PKG
  </span> <span aria-hidden="true">
    |
  </span> <!----> <span class="product-grid-cell_unit">
    $0.17 / OZ
  </span></div> <!----></div> <!----> <!----> <!----> <!----> <!----> <!----> <!----></div> <div class="mobile-product-list-cell_bottom"><div class="mobile-product-list-cell_bottom_cart-ui-wrapper"><!----> <!----> <div class="pdl-add-to-cart"><div class="pdl-add-to-cart_button"><button aria-label="Add to cart" data-product-id="56609" data-price="1.99" class="button button--add-to-cart">
      Add to cart
      <!----></button> <!----> <!----> <!----></div> <!----></div></div> <!----></div></div></div> <div class="product-tile_action-items"><!----> <!----> <div class="shopping-list-menu_container"><div class="relative-el"><button aria-label="add to shopping list" class="button pdl-product-detail_top-icon button--fourth pdl-product-detail_top-icon--borderless"><!----> <div class="vector-icon-size--large"><svg xmlns="http://www.w3.org/2000/svg" aria-label="Shopping List Icon Add" viewBox="0 0 32 32" role="presentation" aria-hidden="true" focusable="false" class="vector-icon-color--dark-grey"><title lang="en">Shopping List Icon Add</title><desc></desc><g fill="" stroke=""><g><path d="M21.94066,15.3368884 L21.94066,12.8931995 C21.94066,12.3409148 22.3883752,11.8931995 22.94066,11.8931995 C23.4929447,11.8931995 23.94066,12.3409148 23.94066,12.8931995 L23.94066,15.3368884 L26.2522624,15.3368884 C26.8045471,15.3368884 27.2522624,15.7846037 27.2522624,16.3368884 C27.2522624,16.8891732 26.8045471,17.3368884 26.2522624,17.3368884 L23.94066,17.3368884 L23.94066,19.8787952 C23.94066,20.43108 23.4929447,20.8787952 22.94066,20.8787952 C22.3883752,20.8787952 21.94066,20.43108 21.94066,19.8787952 L21.94066,17.3368884 L19.2666667,17.3368884 C18.7143819,17.3368884 18.2666667,16.8891732 18.2666667,16.3368884 C18.2666667,15.7846037 18.7143819,15.3368884 19.2666667,15.3368884 L21.94066,15.3368884 Z M8,12 C7.44771525,12 7,11.5522847 7,11 C7,10.4477153 7.44771525,10 8,10 L19.1153581,10 C19.6676429,10 20.1153581,10.4477153 20.1153581,11 C20.1153581,11.5522847 19.6676429,12 19.1153581,12 L8,12 Z M8,17.3368884 C7.44771525,17.3368884 7,16.8891732 7,16.3368884 C7,15.7846037 7.44771525,15.3368884 8,15.3368884 L14.7200696,15.3368884 C15.2723543,15.3368884 15.7200696,15.7846037 15.7200696,16.3368884 C15.7200696,16.8891732 15.2723543,17.3368884 14.7200696,17.3368884 L8,17.3368884 Z M8,23 C7.44771525,23 7,22.5522847 7,22 C7,21.4477153 7.44771525,21 8,21 L19.1153581,21 C19.6676429,21 20.1153581,21.4477153 20.1153581,22 C20.1153581,22.5522847 19.6676429,23 19.1153581,23 L8,23 Z" fill="#000000" fill-rule="nonzero"></path></g></g></svg></div> <div class="pdl-product-detail_list-tooltip"><p>Add item to shopping list</p> <em></em></div></button></div></div></div> <!----></li> <!----><!----> <!----> <!----> <!----> <li tabindex="-1" data-product-id="221642" class="slot mobile-product-list-cell"><!----> <!----> <!----> <!----> <div class="mobile-product-list-cell_content"><div><!----> <div class="flag_outer-container"><div class=""><svg xmlns="http://www.w3.org/2000/svg" aria-label="Sale" viewBox="0 0 32 32" role="presentation" aria-hidden="true" focusable="false" class="w-20 ml-3"><title lang="en">Sale</title><desc></desc><g fill="" stroke=""><g><path d="M16.56 19.87a3.81 3.81 0 0 1-1-.13l-13.39-3.5a1.5 1.5 0 0 1-1.12-1.34l-.81-11a1.52 1.52 0 0 1 1.39-1.61l27.69-2h.11a1.51 1.51 0 0 1 1.5 1.4l.82 11a1.52 1.52 0 0 1-.91 1.5l-12.72 5.36a3.79 3.79 0 0 1-1.56.32Z" fill="#ed1256"></path><path fill="#fff" d="M29.43.48a1.26 1.26 0 0 1 1.26 1.17l.82 11a1.27 1.27 0 0 1-.76 1.26L18 19.34a3.72 3.72 0 0 1-1.47.3 3.79 3.79 0 0 1-.94-.12L2.24 16a1.27 1.27 0 0 1-1-1.13l-.81-11a1.26 1.26 0 0 1 1.22-1.33L29.34.48h.09m0-.48h-.13L1.62 2A1.76 1.76 0 0 0 0 3.92l.82 11a1.73 1.73 0 0 0 1.3 1.55L15.5 20a4.3 4.3 0 0 0 1.07.14 4.24 4.24 0 0 0 1.65-.34l12.72-5.44A1.76 1.76 0 0 0 32 12.59l-.82-11A1.76 1.76 0 0 0 29.43 0Z"></path><path fill="#fff" d="M3.74 9.87a3 3 0 0 0 .82.55 2.21 2.21 0 0 0 1.08.19 1.6 1.6 0 0 0 .29 0 1 1 0 0 0 .26-.12.58.58 0 0 0 .18-.2.62.62 0 0 0 0-.31.59.59 0 0 0-.32-.49 3.38 3.38 0 0 0-.85-.34L4.84 9a4.19 4.19 0 0 1-.69-.26 2.44 2.44 0 0 1-.63-.41 1.92 1.92 0 0 1-.7-1.42 2.68 2.68 0 0 1 .1-1A2.2 2.2 0 0 1 3.39 5a2.42 2.42 0 0 1 .82-.6 3.15 3.15 0 0 1 1.17-.28 3.68 3.68 0 0 1 1.72.24 3 3 0 0 1 .57.29A2.66 2.66 0 0 1 8 5l-.82 1.37a4.42 4.42 0 0 0-.82-.45 2 2 0 0 0-.85-.13 1.4 1.4 0 0 0-.28.06A.9.9 0 0 0 5 6a.62.62 0 0 0-.16.2.5.5 0 0 0 0 .28.6.6 0 0 0 .1.31.68.68 0 0 0 .24.2 1.27 1.27 0 0 0 .35.15l.43.13.35.09a7.49 7.49 0 0 1 .69.22 2.2 2.2 0 0 1 .72.42 2.46 2.46 0 0 1 .54.68 2.31 2.31 0 0 1 .27 1 2.15 2.15 0 0 1-.15 1 2.53 2.53 0 0 1-.56.84 2.77 2.77 0 0 1-.88.59 4 4 0 0 1-1.11.27A4.67 4.67 0 0 1 4 12.25a3.79 3.79 0 0 1-1.28-.75ZM11.29 3.89l2.17-.16 3.1 7.7-2 .15L14 10l-2.39.18-.35 1.67-2 .14Zm2.15 4.6-1-2.84-.61 2.95ZM17 3.47l1.89-.14.44 6 3.3-.25.16 1.92-5.19.39ZM23.36 3l5.13-.38.13 1.8-3.24.24.09 1.22 2.66-.2.12 1.7-2.65.2.09 1.35 3.46-.26.13 1.81-5.34.4Z"></path></g></g></svg></div> <!----> <!----> <!----></div></div> <div class="mobile-product-list-cell_left"><div><!----> <img src="data:image/svg+xml;base64,PD94bWwgdmVyc2lvbj0iMS4wIiBlbmNvZGluZz0idXRmLTgiPz4KPCEtLSBHZW5lcmF0ZWQgYnkgSWNvTW9vbi5pbyAtLT4KPCFET0NUWVBFIHN2ZyBQVUJMSUMgIi0vL1czQy8vRFREIFNWRyAxLjEvL0VOIiAiaHR0cDovL3d3dy53My5vcmcvR3JhcGhpY3MvU1ZHLzEuMS9EVEQvc3ZnMTEuZHRkIj4KPHN2ZyB2ZXJzaW9uPSIxLjEiIHhtbG5zPSJodHRwOi8vd3d3LnczLm9yZy8yMDAwL3N2ZyIgeG1sbnM6eGxpbms9Imh0dHA6Ly93d3cudzMub3JnLzE5OTkveGxpbmsiIHdpZHRoPSI0OCIgaGVpZ2h0PSI0OCIgdmlld0JveD0iMCAwIDQ4IDQ4Ij4KPGcgaWQ9Imljb21vb24taWdub3JlIj4KCTxsaW5lIHN0cm9rZS13aWR0aD0iMSIgeDE9IiIgeTE9IiIgeDI9IiIgeTI9IiIgc3Ryb2tlPSIjNDQ5RkRCIiBvcGFjaXR5PSIiPjwvbGluZT4KPC9nPgoJPHBhdGggZD0iTTM4LjQ4IDkuMDcwYzAuMjQ4IDAgMC40NSAwLjIwMiAwLjQ1IDAuNDV2MjguOTU5YzAgMC4yNDgtMC4yMDIgMC40NS0wLjQ1IDAuNDVoLTI4Ljk1OWMtMC4yNDggMC0wLjQ1LTAuMjAyLTAuNDUtMC40NXYtMjguOTU5YzAtMC4yNDggMC4yMDItMC40NSAwLjQ1LTAuNDVoMjguOTU5ek0zOC40OCA4aC0yOC45NTljLTAuODQgMC0xLjUyIDAuNjgxLTEuNTIgMS41MjF2MjguOTU5YzAgMC44NCAwLjY4MSAxLjUyMSAxLjUyIDEuNTIxaDI4Ljk1OWMwLjg0IDAgMS41Mi0wLjY4MSAxLjUyLTEuNTIxdi0yOC45NTljMC0wLjg0LTAuNjgxLTEuNTIxLTEuNTItMS41MjF2MHoiIG9wYWNpdHk9IjEiIHZpc2liaWxpdHk9ImZhbHNlIiBmaWxsPSIjZDdkN2Q3Ij48L3BhdGg+Cgk8cGF0aCBkPSJNMTIuMjI4IDM1LjIyNHYtMy4zMjljMC0wLjE0NSAwLjA1OC0wLjI4NSAwLjE2LTAuMzg4bDUuNTg3LTUuNTg3YzAuMjE0LTAuMjE0IDAuNTYxLTAuMjE0IDAuNzc1IDBsMi4xMTkgMi4xMTljMC4yMTQgMC4yMTQgMC41NjEgMC4yMTQgMC43NzUgMGw4LjE5MS04LjE5MmMwLjIxNC0wLjIxNCAwLjU2MS0wLjIxNCAwLjc3NSAwbDUgNWMwLjEwMyAwLjEwMyAwLjE2IDAuMjQyIDAuMTYgMC4zODh2OS45ODhjMCAwLjMwMy0wLjI0NSAwLjU0OC0wLjU0OCAwLjU0OGgtMjIuNDQ3Yy0wLjMwMyAwLTAuNTQ4LTAuMjQ1LTAuNTQ4LTAuNTQ4eiIgb3BhY2l0eT0iMSIgdmlzaWJpbGl0eT0iZmFsc2UiIGZpbGw9IiNkN2Q3ZDciPjwvcGF0aD4KCTxwYXRoIGQ9Ik0yMS41NDQgMTcuOTY3YzAgMS45ODItMS42MDYgMy41ODgtMy41ODggMy41ODhzLTMuNTg4LTEuNjA2LTMuNTg4LTMuNTg4YzAtMS45ODEgMS42MDYtMy41ODggMy41ODgtMy41ODhzMy41ODggMS42MDYgMy41ODggMy41ODh6IiBvcGFjaXR5PSIxIiB2aXNpYmlsaXR5PSJmYWxzZSIgZmlsbD0iI2Q3ZDdkNyI+PC9wYXRoPgo8L3N2Zz4K" alt="SUMO Tangerine" skeleton-box-size="9rem" class="product-grid-image object-contain"></div></div> <div class="mobile-product-list-cell_info"><div class="product-tile_detail"><div class="skeleton-loader_wrapper cursor-pointer"><div class="product-grid-cell_price-container product-grid-cell_price-container_column product-grid-cell_price-container--mobile"><span class="product-grid-cell_main-price product-grid-cell_main-price--on-sale"><span class="sr-only">
      Sale Price
    </span>
    $1.43
  </span> <div class="product-grid-cell_was-container"><span class="product-grid-cell_regular-price product-grid-cell_regular-price--small"><span class="sr-only">
        Original Price
      </span>
      $1.91
    </span></div></div> <!----></div> <!----></div> <div class="mobile-product-list-cell_name-content"><div class="skeleton-loader_wrapper"><div class="product-grid-cell_name"><a id="product-name-221642-16760862543312655" href="#" data-opens-modal="true" aria-haspopup="dialog" class="product-grid-cell_name-text product-grid-cell_name-text--clamp-2"><!---->
    SUMO Tangerine
  </a></div> <!----> <!----></div> <div class="skeleton-loader_wrapper"><div class="product-grid-cell_sizes"><span class="product-grid-cell_size">
    1 EA
  </span> <span aria-hidden="true">
    |
  </span> <!----> <span class="product-grid-cell_unit">
    $1.43 / EA
  </span></div> <!----></div> <!----> <!----> <!----> <!----> <!----> <!----> <!----></div> <div class="mobile-product-list-cell_bottom"><div class="mobile-product-list-cell_bottom_cart-ui-wrapper"><!----> <!----> <div class="pdl-add-to-cart"><div class="pdl-add-to-cart_button"><button aria-label="Add to cart" data-product-id="221642" data-price="1.43" class="button button--add-to-cart add-sale">
      Add to cart
      <!----></button> <!----> <!----> <!----></div> <!----></div></div> <!----></div></div></div> <div class="product-tile_action-items"><!----> <!----> <div class="shopping-list-menu_container"><div class="relative-el"><button aria-label="add to shopping list" class="button pdl-product-detail_top-icon button--fourth pdl-product-detail_top-icon--borderless"><!----> <div class="vector-icon-size--large"><svg xmlns="http://www.w3.org/2000/svg" aria-label="Shopping List Icon Add" viewBox="0 0 32 32" role="presentation" aria-hidden="true" focusable="false" class="vector-icon-color--dark-grey"><title lang="en">Shopping List Icon Add</title><desc></desc><g fill="" stroke=""><g><path d="M21.94066,15.3368884 L21.94066,12.8931995 C21.94066,12.3409148 22.3883752,11.8931995 22.94066,11.8931995 C23.4929447,11.8931995 23.94066,12.3409148 23.94066,12.8931995 L23.94066,15.3368884 L26.2522624,15.3368884 C26.8045471,15.3368884 27.2522624,15.7846037 27.2522624,16.3368884 C27.2522624,16.8891732 26.8045471,17.3368884 26.2522624,17.3368884 L23.94066,17.3368884 L23.94066,19.8787952 C23.94066,20.43108 23.4929447,20.8787952 22.94066,20.8787952 C22.3883752,20.8787952 21.94066,20.43108 21.94066,19.8787952 L21.94066,17.3368884 L19.2666667,17.3368884 C18.7143819,17.3368884 18.2666667,16.8891732 18.2666667,16.3368884 C18.2666667,15.7846037 18.7143819,15.3368884 19.2666667,15.3368884 L21.94066,15.3368884 Z M8,12 C7.44771525,12 7,11.5522847 7,11 C7,10.4477153 7.44771525,10 8,10 L19.1153581,10 C19.6676429,10 20.1153581,10.4477153 20.1153581,11 C20.1153581,11.5522847 19.6676429,12 19.1153581,12 L8,12 Z M8,17.3368884 C7.44771525,17.3368884 7,16.8891732 7,16.3368884 C7,15.7846037 7.44771525,15.3368884 8,15.3368884 L14.7200696,15.3368884 C15.2723543,15.3368884 15.7200696,15.7846037 15.7200696,16.3368884 C15.7200696,16.8891732 15.2723543,17.3368884 14.7200696,17.3368884 L8,17.3368884 Z M8,23 C7.44771525,23 7,22.5522847 7,22 C7,21.4477153 7.44771525,21 8,21 L19.1153581,21 C19.6676429,21 20.1153581,21.4477153 20.1153581,22 C20.1153581,22.5522847 19.6676429,23 19.1153581,23 L8,23 Z" fill="#000000" fill-rule="nonzero"></path></g></g></svg></div> <div class="pdl-product-detail_list-tooltip"><p>Add item to shopping list</p> <em></em></div></button></div></div></div> <!----></li> <!----><!----> <!----> <!----> <!----> <li tabindex="-1" data-product-id="118791" class="slot mobile-product-list-cell"><!----> <!----> <!----> <!----> <div class="mobile-product-list-cell_content"><div><!----> <div class="flag_outer-container"><!----> <!----> <!----> <!----></div></div> <div class="mobile-product-list-cell_left"><div><!----> <img src="data:image/svg+xml;base64,PD94bWwgdmVyc2lvbj0iMS4wIiBlbmNvZGluZz0idXRmLTgiPz4KPCEtLSBHZW5lcmF0ZWQgYnkgSWNvTW9vbi5pbyAtLT4KPCFET0NUWVBFIHN2ZyBQVUJMSUMgIi0vL1czQy8vRFREIFNWRyAxLjEvL0VOIiAiaHR0cDovL3d3dy53My5vcmcvR3JhcGhpY3MvU1ZHLzEuMS9EVEQvc3ZnMTEuZHRkIj4KPHN2ZyB2ZXJzaW9uPSIxLjEiIHhtbG5zPSJodHRwOi8vd3d3LnczLm9yZy8yMDAwL3N2ZyIgeG1sbnM6eGxpbms9Imh0dHA6Ly93d3cudzMub3JnLzE5OTkveGxpbmsiIHdpZHRoPSI0OCIgaGVpZ2h0PSI0OCIgdmlld0JveD0iMCAwIDQ4IDQ4Ij4KPGcgaWQ9Imljb21vb24taWdub3JlIj4KCTxsaW5lIHN0cm9rZS13aWR0aD0iMSIgeDE9IiIgeTE9IiIgeDI9IiIgeTI9IiIgc3Ryb2tlPSIjNDQ5RkRCIiBvcGFjaXR5PSIiPjwvbGluZT4KPC9nPgoJPHBhdGggZD0iTTM4LjQ4IDkuMDcwYzAuMjQ4IDAgMC40NSAwLjIwMiAwLjQ1IDAuNDV2MjguOTU5YzAgMC4yNDgtMC4yMDIgMC40NS0wLjQ1IDAuNDVoLTI4Ljk1OWMtMC4yNDggMC0wLjQ1LTAuMjAyLTAuNDUtMC40NXYtMjguOTU5YzAtMC4yNDggMC4yMDItMC40NSAwLjQ1LTAuNDVoMjguOTU5ek0zOC40OCA4aC0yOC45NTljLTAuODQgMC0xLjUyIDAuNjgxLTEuNTIgMS41MjF2MjguOTU5YzAgMC44NCAwLjY4MSAxLjUyMSAxLjUyIDEuNTIxaDI4Ljk1OWMwLjg0IDAgMS41Mi0wLjY4MSAxLjUyLTEuNTIxdi0yOC45NTljMC0wLjg0LTAuNjgxLTEuNTIxLTEuNTItMS41MjF2MHoiIG9wYWNpdHk9IjEiIHZpc2liaWxpdHk9ImZhbHNlIiBmaWxsPSIjZDdkN2Q3Ij48L3BhdGg+Cgk8cGF0aCBkPSJNMTIuMjI4IDM1LjIyNHYtMy4zMjljMC0wLjE0NSAwLjA1OC0wLjI4NSAwLjE2LTAuMzg4bDUuNTg3LTUuNTg3YzAuMjE0LTAuMjE0IDAuNTYxLTAuMjE0IDAuNzc1IDBsMi4xMTkgMi4xMTljMC4yMTQgMC4yMTQgMC41NjEgMC4yMTQgMC43NzUgMGw4LjE5MS04LjE5MmMwLjIxNC0wLjIxNCAwLjU2MS0wLjIxNCAwLjc3NSAwbDUgNWMwLjEwMyAwLjEwMyAwLjE2IDAuMjQyIDAuMTYgMC4zODh2OS45ODhjMCAwLjMwMy0wLjI0NSAwLjU0OC0wLjU0OCAwLjU0OGgtMjIuNDQ3Yy0wLjMwMyAwLTAuNTQ4LTAuMjQ1LTAuNTQ4LTAuNTQ4eiIgb3BhY2l0eT0iMSIgdmlzaWJpbGl0eT0iZmFsc2UiIGZpbGw9IiNkN2Q3ZDciPjwvcGF0aD4KCTxwYXRoIGQ9Ik0yMS41NDQgMTcuOTY3YzAgMS45ODItMS42MDYgMy41ODgtMy41ODggMy41ODhzLTMuNTg4LTEuNjA2LTMuNTg4LTMuNTg4YzAtMS45ODEgMS42MDYtMy41ODggMy41ODgtMy41ODhzMy41ODggMS42MDYgMy41ODggMy41ODh6IiBvcGFjaXR5PSIxIiB2aXNpYmlsaXR5PSJmYWxzZSIgZmlsbD0iI2Q3ZDdkNyI+PC9wYXRoPgo8L3N2Zz4K" alt="Stop &amp; Shop Premium Salad Chopped Romaine" skeleton-box-size="9rem" class="product-grid-image object-contain"></div></div> <div class="mobile-product-list-cell_info"><div class="product-tile_detail"><div class="skeleton-loader_wrapper cursor-pointer"><div class="product-grid-cell_price-container product-grid-cell_price-container--mobile"><span class="product-grid-cell_main-price"><!---->
    $3.19
  </span> <!----></div> <!----></div> <!----></div> <div class="mobile-product-list-cell_name-content"><div class="skeleton-loader_wrapper"><div class="product-grid-cell_name"><a id="product-name-118791-16760862543428267" href="#" data-opens-modal="true" aria-haspopup="dialog" class="product-grid-cell_name-text product-grid-cell_name-text--clamp-2"><span class="vector-icon_inline-text--left mr-0"><div class="vector-icon-size--xsmall"><svg xmlns="http://www.w3.org/2000/svg" aria-label="Ahold Icon" viewBox="0 0 1024 945" role="presentation" aria-hidden="true" focusable="false" class=""><title lang="en">Ahold Icon</title><desc></desc><g fill="" stroke=""><g><path d="M1.893 730.617c-1.289-2.094-2.052-4.631-2.052-7.346 0-.747.058-1.481.169-2.197.158-12.396 10.227-22.466 22.687-22.634h895.306c12.476.168 22.545 10.237 22.713 22.698-.521 3.721-1.182 6.924-2.024 10.053l.131-.574c-86.363 175.072-263.598 293.385-468.466 293.385S88.254 905.689 3.252 733.663l-1.361-3.046z" fill="#F7A800" class="path1"></path> <path d="M107.889 132.495c1.893-1.893 1.893-3.786 3.786-5.678 2.98-3.491 7.385-5.69 12.303-5.69s9.323 2.199 12.284 5.668l.019.022L613.264 603.8c3.491 2.98 5.69 7.385 5.69 12.303s-2.199 9.323-5.668 12.284c-1.399 1.869-3.361 3.216-5.631 3.789l-.069.015c-38.446 13.732-82.796 21.669-129.001 21.669-108.416 0-206.626-43.699-277.977-114.443C130.241 467.591 86.799 369.1 86.799 260.462c0-45.803 7.722-89.803 21.936-130.767l-.845 2.8z" fill="#E2231A" class="path2"></path> <path d="M600.015 1.893a6.922 6.922 0 0 1 5.713-1.889c.057-.006.164-.007.272-.007 7.15 0 12.947 5.796 12.947 12.947 0 .108-.001.215-.004.322v-.016 503.482c.002.091.004.199.004.306 0 7.15-5.796 12.947-12.947 12.947-.108 0-.215-.001-.322-.004a6.925 6.925 0 0 1-5.665-1.895l.002.002c-98.273-48.542-164.673-148.065-164.673-263.098S501.743 50.434 598.306 2.657l1.709-.765z" fill="#712177" class="path3"></path> <path d="M938.824 283.919c1.893 0 1.893 1.893 3.786 1.893 1.765 2.012 2.841 4.666 2.841 7.571s-1.077 5.559-2.853 7.584l.011-.013-268.776 266.884c-2.012 1.765-4.666 2.841-7.571 2.841s-5.559-1.077-7.584-2.853a3.774 3.774 0 0 1-1.877-3.793l-.002.019c-7.681-21.529-12.12-46.363-12.12-72.235 0-61.263 24.891-116.712 65.111-156.786 39.326-39.792 93.895-64.431 154.219-64.431 26.857 0 52.573 4.884 76.309 13.812l-1.494-.493z" fill="#82BC00" class="path4"></path></g></g></svg></div></span>
    Stop &amp; Shop Premium Salad Chopped Romaine
  </a></div> <!----> <!----></div> <div class="skeleton-loader_wrapper"><div class="product-grid-cell_sizes"><span class="product-grid-cell_size">
    10 OZ BAG
  </span> <span aria-hidden="true">
    |
  </span> <!----> <span class="product-grid-cell_unit">
    $0.32 / OZ
  </span></div> <!----></div> <!----> <!----> <!----> <!----> <!----> <!----> <!----></div> <div class="mobile-product-list-cell_bottom"><div class="mobile-product-list-cell_bottom_cart-ui-wrapper"><!----> <!----> <div class="pdl-add-to-cart"><div class="pdl-add-to-cart_button"><button aria-label="Add to cart" data-product-id="118791" data-price="3.19" class="button button--add-to-cart">
      Add to cart
      <!----></button> <!----> <!----> <!----></div> <!----></div></div> <!----></div></div></div> <div class="product-tile_action-items"><!----> <!----> <div class="shopping-list-menu_container"><div class="relative-el"><button aria-label="add to shopping list" class="button pdl-product-detail_top-icon button--fourth pdl-product-detail_top-icon--borderless"><!----> <div class="vector-icon-size--large"><svg xmlns="http://www.w3.org/2000/svg" aria-label="Shopping List Icon Add" viewBox="0 0 32 32" role="presentation" aria-hidden="true" focusable="false" class="vector-icon-color--dark-grey"><title lang="en">Shopping List Icon Add</title><desc></desc><g fill="" stroke=""><g><path d="M21.94066,15.3368884 L21.94066,12.8931995 C21.94066,12.3409148 22.3883752,11.8931995 22.94066,11.8931995 C23.4929447,11.8931995 23.94066,12.3409148 23.94066,12.8931995 L23.94066,15.3368884 L26.2522624,15.3368884 C26.8045471,15.3368884 27.2522624,15.7846037 27.2522624,16.3368884 C27.2522624,16.8891732 26.8045471,17.3368884 26.2522624,17.3368884 L23.94066,17.3368884 L23.94066,19.8787952 C23.94066,20.43108 23.4929447,20.8787952 22.94066,20.8787952 C22.3883752,20.8787952 21.94066,20.43108 21.94066,19.8787952 L21.94066,17.3368884 L19.2666667,17.3368884 C18.7143819,17.3368884 18.2666667,16.8891732 18.2666667,16.3368884 C18.2666667,15.7846037 18.7143819,15.3368884 19.2666667,15.3368884 L21.94066,15.3368884 Z M8,12 C7.44771525,12 7,11.5522847 7,11 C7,10.4477153 7.44771525,10 8,10 L19.1153581,10 C19.6676429,10 20.1153581,10.4477153 20.1153581,11 C20.1153581,11.5522847 19.6676429,12 19.1153581,12 L8,12 Z M8,17.3368884 C7.44771525,17.3368884 7,16.8891732 7,16.3368884 C7,15.7846037 7.44771525,15.3368884 8,15.3368884 L14.7200696,15.3368884 C15.2723543,15.3368884 15.7200696,15.7846037 15.7200696,16.3368884 C15.7200696,16.8891732 15.2723543,17.3368884 14.7200696,17.3368884 L8,17.3368884 Z M8,23 C7.44771525,23 7,22.5522847 7,22 C7,21.4477153 7.44771525,21 8,21 L19.1153581,21 C19.6676429,21 20.1153581,21.4477153 20.1153581,22 C20.1153581,22.5522847 19.6676429,23 19.1153581,23 L8,23 Z" fill="#000000" fill-rule="nonzero"></path></g></g></svg></div> <div class="pdl-product-detail_list-tooltip"><p>Add item to shopping list</p> <em></em></div></button></div></div></div> <!----></li> <!----><!----> <!----> <!----> <!----> <li tabindex="-1" data-product-id="266246" class="slot mobile-product-list-cell"><!----> <!----> <!----> <!----> <div class="mobile-product-list-cell_content"><div><!----> <div class="flag_outer-container"><!----> <!----> <!----> <!----></div></div> <div class="mobile-product-list-cell_left"><div><!----> <img src="data:image/svg+xml;base64,PD94bWwgdmVyc2lvbj0iMS4wIiBlbmNvZGluZz0idXRmLTgiPz4KPCEtLSBHZW5lcmF0ZWQgYnkgSWNvTW9vbi5pbyAtLT4KPCFET0NUWVBFIHN2ZyBQVUJMSUMgIi0vL1czQy8vRFREIFNWRyAxLjEvL0VOIiAiaHR0cDovL3d3dy53My5vcmcvR3JhcGhpY3MvU1ZHLzEuMS9EVEQvc3ZnMTEuZHRkIj4KPHN2ZyB2ZXJzaW9uPSIxLjEiIHhtbG5zPSJodHRwOi8vd3d3LnczLm9yZy8yMDAwL3N2ZyIgeG1sbnM6eGxpbms9Imh0dHA6Ly93d3cudzMub3JnLzE5OTkveGxpbmsiIHdpZHRoPSI0OCIgaGVpZ2h0PSI0OCIgdmlld0JveD0iMCAwIDQ4IDQ4Ij4KPGcgaWQ9Imljb21vb24taWdub3JlIj4KCTxsaW5lIHN0cm9rZS13aWR0aD0iMSIgeDE9IiIgeTE9IiIgeDI9IiIgeTI9IiIgc3Ryb2tlPSIjNDQ5RkRCIiBvcGFjaXR5PSIiPjwvbGluZT4KPC9nPgoJPHBhdGggZD0iTTM4LjQ4IDkuMDcwYzAuMjQ4IDAgMC40NSAwLjIwMiAwLjQ1IDAuNDV2MjguOTU5YzAgMC4yNDgtMC4yMDIgMC40NS0wLjQ1IDAuNDVoLTI4Ljk1OWMtMC4yNDggMC0wLjQ1LTAuMjAyLTAuNDUtMC40NXYtMjguOTU5YzAtMC4yNDggMC4yMDItMC40NSAwLjQ1LTAuNDVoMjguOTU5ek0zOC40OCA4aC0yOC45NTljLTAuODQgMC0xLjUyIDAuNjgxLTEuNTIgMS41MjF2MjguOTU5YzAgMC44NCAwLjY4MSAxLjUyMSAxLjUyIDEuNTIxaDI4Ljk1OWMwLjg0IDAgMS41Mi0wLjY4MSAxLjUyLTEuNTIxdi0yOC45NTljMC0wLjg0LTAuNjgxLTEuNTIxLTEuNTItMS41MjF2MHoiIG9wYWNpdHk9IjEiIHZpc2liaWxpdHk9ImZhbHNlIiBmaWxsPSIjZDdkN2Q3Ij48L3BhdGg+Cgk8cGF0aCBkPSJNMTIuMjI4IDM1LjIyNHYtMy4zMjljMC0wLjE0NSAwLjA1OC0wLjI4NSAwLjE2LTAuMzg4bDUuNTg3LTUuNTg3YzAuMjE0LTAuMjE0IDAuNTYxLTAuMjE0IDAuNzc1IDBsMi4xMTkgMi4xMTljMC4yMTQgMC4yMTQgMC41NjEgMC4yMTQgMC43NzUgMGw4LjE5MS04LjE5MmMwLjIxNC0wLjIxNCAwLjU2MS0wLjIxNCAwLjc3NSAwbDUgNWMwLjEwMyAwLjEwMyAwLjE2IDAuMjQyIDAuMTYgMC4zODh2OS45ODhjMCAwLjMwMy0wLjI0NSAwLjU0OC0wLjU0OCAwLjU0OGgtMjIuNDQ3Yy0wLjMwMyAwLTAuNTQ4LTAuMjQ1LTAuNTQ4LTAuNTQ4eiIgb3BhY2l0eT0iMSIgdmlzaWJpbGl0eT0iZmFsc2UiIGZpbGw9IiNkN2Q3ZDciPjwvcGF0aD4KCTxwYXRoIGQ9Ik0yMS41NDQgMTcuOTY3YzAgMS45ODItMS42MDYgMy41ODgtMy41ODggMy41ODhzLTMuNTg4LTEuNjA2LTMuNTg4LTMuNTg4YzAtMS45ODEgMS42MDYtMy41ODggMy41ODgtMy41ODhzMy41ODggMS42MDYgMy41ODggMy41ODh6IiBvcGFjaXR5PSIxIiB2aXNpYmlsaXR5PSJmYWxzZSIgZmlsbD0iI2Q3ZDdkNyI+PC9wYXRoPgo8L3N2Zz4K" alt="Pork Center Cut Chops Bone-In" skeleton-box-size="9rem" class="product-grid-image object-contain"></div></div> <div class="mobile-product-list-cell_info"><div class="product-tile_detail"><div class="skeleton-loader_wrapper cursor-pointer"><div class="product-grid-cell_price-container product-grid-cell_price-container--mobile"><span class="product-grid-cell_main-price"><!---->
    $5.59
  </span> <!----></div> <!----></div> <!----></div> <div class="mobile-product-list-cell_name-content"><div class="skeleton-loader_wrapper"><div class="product-grid-cell_name"><a id="product-name-266246-16760862543523554" href="#" data-opens-modal="true" aria-haspopup="dialog" class="product-grid-cell_name-text product-grid-cell_name-text--clamp-2"><!---->
    Pork Center Cut Chops Bone-In
  </a></div> <!----> <!----></div> <div class="skeleton-loader_wrapper"><div class="product-grid-cell_sizes"><span class="product-grid-cell_size">
    APX 1.4 LB
  </span> <span aria-hidden="true">
    |
  </span> <!----> <span class="product-grid-cell_unit">
    $3.99 / LB
  </span></div> <!----></div> <!----> <!----> <!----> <!----> <!----> <!----> <!----></div> <div class="mobile-product-list-cell_bottom"><div class="mobile-product-list-cell_bottom_cart-ui-wrapper"><!----> <!----> <div class="pdl-add-to-cart"><div class="pdl-add-to-cart_button"><button aria-label="Add to cart" data-product-id="266246" data-price="5.59" class="button button--add-to-cart">
      Add to cart
      <!----></button> <!----> <!----> <!----></div> <!----></div></div> <!----></div></div></div> <div class="product-tile_action-items"><!----> <!----> <div class="shopping-list-menu_container"><div class="relative-el"><button aria-label="add to shopping list" class="button pdl-product-detail_top-icon button--fourth pdl-product-detail_top-icon--borderless"><!----> <div class="vector-icon-size--large"><svg xmlns="http://www.w3.org/2000/svg" aria-label="Shopping List Icon Add" viewBox="0 0 32 32" role="presentation" aria-hidden="true" focusable="false" class="vector-icon-color--dark-grey"><title lang="en">Shopping List Icon Add</title><desc></desc><g fill="" stroke=""><g><path d="M21.94066,15.3368884 L21.94066,12.8931995 C21.94066,12.3409148 22.3883752,11.8931995 22.94066,11.8931995 C23.4929447,11.8931995 23.94066,12.3409148 23.94066,12.8931995 L23.94066,15.3368884 L26.2522624,15.3368884 C26.8045471,15.3368884 27.2522624,15.7846037 27.2522624,16.3368884 C27.2522624,16.8891732 26.8045471,17.3368884 26.2522624,17.3368884 L23.94066,17.3368884 L23.94066,19.8787952 C23.94066,20.43108 23.4929447,20.8787952 22.94066,20.8787952 C22.3883752,20.8787952 21.94066,20.43108 21.94066,19.8787952 L21.94066,17.3368884 L19.2666667,17.3368884 C18.7143819,17.3368884 18.2666667,16.8891732 18.2666667,16.3368884 C18.2666667,15.7846037 18.7143819,15.3368884 19.2666667,15.3368884 L21.94066,15.3368884 Z M8,12 C7.44771525,12 7,11.5522847 7,11 C7,10.4477153 7.44771525,10 8,10 L19.1153581,10 C19.6676429,10 20.1153581,10.4477153 20.1153581,11 C20.1153581,11.5522847 19.6676429,12 19.1153581,12 L8,12 Z M8,17.3368884 C7.44771525,17.3368884 7,16.8891732 7,16.3368884 C7,15.7846037 7.44771525,15.3368884 8,15.3368884 L14.7200696,15.3368884 C15.2723543,15.3368884 15.7200696,15.7846037 15.7200696,16.3368884 C15.7200696,16.8891732 15.2723543,17.3368884 14.7200696,17.3368884 L8,17.3368884 Z M8,23 C7.44771525,23 7,22.5522847 7,22 C7,21.4477153 7.44771525,21 8,21 L19.1153581,21 C19.6676429,21 20.1153581,21.4477153 20.1153581,22 C20.1153581,22.5522847 19.6676429,23 19.1153581,23 L8,23 Z" fill="#000000" fill-rule="nonzero"></path></g></g></svg></div> <div class="pdl-product-detail_list-tooltip"><p>Add item to shopping list</p> <em></em></div></button></div></div></div> <!----></li> <!----><!----> <!----> <!----> <!----> <li tabindex="-1" data-product-id="56431" class="slot mobile-product-list-cell"><!----> <!----> <!----> <!----> <div class="mobile-product-list-cell_content"><div><!----> <div class="flag_outer-container"><div class=""><svg xmlns="http://www.w3.org/2000/svg" aria-label="Sale" viewBox="0 0 32 32" role="presentation" aria-hidden="true" focusable="false" class="w-20 ml-3"><title lang="en">Sale</title><desc></desc><g fill="" stroke=""><g><path d="M16.56 19.87a3.81 3.81 0 0 1-1-.13l-13.39-3.5a1.5 1.5 0 0 1-1.12-1.34l-.81-11a1.52 1.52 0 0 1 1.39-1.61l27.69-2h.11a1.51 1.51 0 0 1 1.5 1.4l.82 11a1.52 1.52 0 0 1-.91 1.5l-12.72 5.36a3.79 3.79 0 0 1-1.56.32Z" fill="#ed1256"></path><path fill="#fff" d="M29.43.48a1.26 1.26 0 0 1 1.26 1.17l.82 11a1.27 1.27 0 0 1-.76 1.26L18 19.34a3.72 3.72 0 0 1-1.47.3 3.79 3.79 0 0 1-.94-.12L2.24 16a1.27 1.27 0 0 1-1-1.13l-.81-11a1.26 1.26 0 0 1 1.22-1.33L29.34.48h.09m0-.48h-.13L1.62 2A1.76 1.76 0 0 0 0 3.92l.82 11a1.73 1.73 0 0 0 1.3 1.55L15.5 20a4.3 4.3 0 0 0 1.07.14 4.24 4.24 0 0 0 1.65-.34l12.72-5.44A1.76 1.76 0 0 0 32 12.59l-.82-11A1.76 1.76 0 0 0 29.43 0Z"></path><path fill="#fff" d="M3.74 9.87a3 3 0 0 0 .82.55 2.21 2.21 0 0 0 1.08.19 1.6 1.6 0 0 0 .29 0 1 1 0 0 0 .26-.12.58.58 0 0 0 .18-.2.62.62 0 0 0 0-.31.59.59 0 0 0-.32-.49 3.38 3.38 0 0 0-.85-.34L4.84 9a4.19 4.19 0 0 1-.69-.26 2.44 2.44 0 0 1-.63-.41 1.92 1.92 0 0 1-.7-1.42 2.68 2.68 0 0 1 .1-1A2.2 2.2 0 0 1 3.39 5a2.42 2.42 0 0 1 .82-.6 3.15 3.15 0 0 1 1.17-.28 3.68 3.68 0 0 1 1.72.24 3 3 0 0 1 .57.29A2.66 2.66 0 0 1 8 5l-.82 1.37a4.42 4.42 0 0 0-.82-.45 2 2 0 0 0-.85-.13 1.4 1.4 0 0 0-.28.06A.9.9 0 0 0 5 6a.62.62 0 0 0-.16.2.5.5 0 0 0 0 .28.6.6 0 0 0 .1.31.68.68 0 0 0 .24.2 1.27 1.27 0 0 0 .35.15l.43.13.35.09a7.49 7.49 0 0 1 .69.22 2.2 2.2 0 0 1 .72.42 2.46 2.46 0 0 1 .54.68 2.31 2.31 0 0 1 .27 1 2.15 2.15 0 0 1-.15 1 2.53 2.53 0 0 1-.56.84 2.77 2.77 0 0 1-.88.59 4 4 0 0 1-1.11.27A4.67 4.67 0 0 1 4 12.25a3.79 3.79 0 0 1-1.28-.75ZM11.29 3.89l2.17-.16 3.1 7.7-2 .15L14 10l-2.39.18-.35 1.67-2 .14Zm2.15 4.6-1-2.84-.61 2.95ZM17 3.47l1.89-.14.44 6 3.3-.25.16 1.92-5.19.39ZM23.36 3l5.13-.38.13 1.8-3.24.24.09 1.22 2.66-.2.12 1.7-2.65.2.09 1.35 3.46-.26.13 1.81-5.34.4Z"></path></g></g></svg></div> <!----> <!----> <!----></div></div> <div class="mobile-product-list-cell_left"><div><!----> <img src="data:image/svg+xml;base64,PD94bWwgdmVyc2lvbj0iMS4wIiBlbmNvZGluZz0idXRmLTgiPz4KPCEtLSBHZW5lcmF0ZWQgYnkgSWNvTW9vbi5pbyAtLT4KPCFET0NUWVBFIHN2ZyBQVUJMSUMgIi0vL1czQy8vRFREIFNWRyAxLjEvL0VOIiAiaHR0cDovL3d3dy53My5vcmcvR3JhcGhpY3MvU1ZHLzEuMS9EVEQvc3ZnMTEuZHRkIj4KPHN2ZyB2ZXJzaW9uPSIxLjEiIHhtbG5zPSJodHRwOi8vd3d3LnczLm9yZy8yMDAwL3N2ZyIgeG1sbnM6eGxpbms9Imh0dHA6Ly93d3cudzMub3JnLzE5OTkveGxpbmsiIHdpZHRoPSI0OCIgaGVpZ2h0PSI0OCIgdmlld0JveD0iMCAwIDQ4IDQ4Ij4KPGcgaWQ9Imljb21vb24taWdub3JlIj4KCTxsaW5lIHN0cm9rZS13aWR0aD0iMSIgeDE9IiIgeTE9IiIgeDI9IiIgeTI9IiIgc3Ryb2tlPSIjNDQ5RkRCIiBvcGFjaXR5PSIiPjwvbGluZT4KPC9nPgoJPHBhdGggZD0iTTM4LjQ4IDkuMDcwYzAuMjQ4IDAgMC40NSAwLjIwMiAwLjQ1IDAuNDV2MjguOTU5YzAgMC4yNDgtMC4yMDIgMC40NS0wLjQ1IDAuNDVoLTI4Ljk1OWMtMC4yNDggMC0wLjQ1LTAuMjAyLTAuNDUtMC40NXYtMjguOTU5YzAtMC4yNDggMC4yMDItMC40NSAwLjQ1LTAuNDVoMjguOTU5ek0zOC40OCA4aC0yOC45NTljLTAuODQgMC0xLjUyIDAuNjgxLTEuNTIgMS41MjF2MjguOTU5YzAgMC44NCAwLjY4MSAxLjUyMSAxLjUyIDEuNTIxaDI4Ljk1OWMwLjg0IDAgMS41Mi0wLjY4MSAxLjUyLTEuNTIxdi0yOC45NTljMC0wLjg0LTAuNjgxLTEuNTIxLTEuNTItMS41MjF2MHoiIG9wYWNpdHk9IjEiIHZpc2liaWxpdHk9ImZhbHNlIiBmaWxsPSIjZDdkN2Q3Ij48L3BhdGg+Cgk8cGF0aCBkPSJNMTIuMjI4IDM1LjIyNHYtMy4zMjljMC0wLjE0NSAwLjA1OC0wLjI4NSAwLjE2LTAuMzg4bDUuNTg3LTUuNTg3YzAuMjE0LTAuMjE0IDAuNTYxLTAuMjE0IDAuNzc1IDBsMi4xMTkgMi4xMTljMC4yMTQgMC4yMTQgMC41NjEgMC4yMTQgMC43NzUgMGw4LjE5MS04LjE5MmMwLjIxNC0wLjIxNCAwLjU2MS0wLjIxNCAwLjc3NSAwbDUgNWMwLjEwMyAwLjEwMyAwLjE2IDAuMjQyIDAuMTYgMC4zODh2OS45ODhjMCAwLjMwMy0wLjI0NSAwLjU0OC0wLjU0OCAwLjU0OGgtMjIuNDQ3Yy0wLjMwMyAwLTAuNTQ4LTAuMjQ1LTAuNTQ4LTAuNTQ4eiIgb3BhY2l0eT0iMSIgdmlzaWJpbGl0eT0iZmFsc2UiIGZpbGw9IiNkN2Q3ZDciPjwvcGF0aD4KCTxwYXRoIGQ9Ik0yMS41NDQgMTcuOTY3YzAgMS45ODItMS42MDYgMy41ODgtMy41ODggMy41ODhzLTMuNTg4LTEuNjA2LTMuNTg4LTMuNTg4YzAtMS45ODEgMS42MDYtMy41ODggMy41ODgtMy41ODhzMy41ODggMS42MDYgMy41ODggMy41ODh6IiBvcGFjaXR5PSIxIiB2aXNpYmlsaXR5PSJmYWxzZSIgZmlsbD0iI2Q3ZDdkNyI+PC9wYXRoPgo8L3N2Zz4K" alt="Stop &amp; Shop Chick Peas Garbanzos" skeleton-box-size="9rem" class="product-grid-image object-contain"></div></div> <div class="mobile-product-list-cell_info"><div class="product-tile_detail"><div class="skeleton-loader_wrapper cursor-pointer"><div class="product-grid-cell_price-container product-grid-cell_price-container_column product-grid-cell_price-container--mobile"><span class="product-grid-cell_main-price product-grid-cell_main-price--on-sale"><span class="sr-only">
      Sale Price
    </span>
    $0.88
  </span> <div class="product-grid-cell_was-container"><span class="product-grid-cell_regular-price product-grid-cell_regular-price--small"><span class="sr-only">
        Original Price
      </span>
      $1.09
    </span></div></div> <!----></div> <!----></div> <div class="mobile-product-list-cell_name-content"><div class="skeleton-loader_wrapper"><div class="product-grid-cell_name"><a id="product-name-56431-16760862543626228" href="#" data-opens-modal="true" aria-haspopup="dialog" class="product-grid-cell_name-text product-grid-cell_name-text--clamp-2"><span class="vector-icon_inline-text--left mr-0"><div class="vector-icon-size--xsmall"><svg xmlns="http://www.w3.org/2000/svg" aria-label="Ahold Icon" viewBox="0 0 1024 945" role="presentation" aria-hidden="true" focusable="false" class=""><title lang="en">Ahold Icon</title><desc></desc><g fill="" stroke=""><g><path d="M1.893 730.617c-1.289-2.094-2.052-4.631-2.052-7.346 0-.747.058-1.481.169-2.197.158-12.396 10.227-22.466 22.687-22.634h895.306c12.476.168 22.545 10.237 22.713 22.698-.521 3.721-1.182 6.924-2.024 10.053l.131-.574c-86.363 175.072-263.598 293.385-468.466 293.385S88.254 905.689 3.252 733.663l-1.361-3.046z" fill="#F7A800" class="path1"></path> <path d="M107.889 132.495c1.893-1.893 1.893-3.786 3.786-5.678 2.98-3.491 7.385-5.69 12.303-5.69s9.323 2.199 12.284 5.668l.019.022L613.264 603.8c3.491 2.98 5.69 7.385 5.69 12.303s-2.199 9.323-5.668 12.284c-1.399 1.869-3.361 3.216-5.631 3.789l-.069.015c-38.446 13.732-82.796 21.669-129.001 21.669-108.416 0-206.626-43.699-277.977-114.443C130.241 467.591 86.799 369.1 86.799 260.462c0-45.803 7.722-89.803 21.936-130.767l-.845 2.8z" fill="#E2231A" class="path2"></path> <path d="M600.015 1.893a6.922 6.922 0 0 1 5.713-1.889c.057-.006.164-.007.272-.007 7.15 0 12.947 5.796 12.947 12.947 0 .108-.001.215-.004.322v-.016 503.482c.002.091.004.199.004.306 0 7.15-5.796 12.947-12.947 12.947-.108 0-.215-.001-.322-.004a6.925 6.925 0 0 1-5.665-1.895l.002.002c-98.273-48.542-164.673-148.065-164.673-263.098S501.743 50.434 598.306 2.657l1.709-.765z" fill="#712177" class="path3"></path> <path d="M938.824 283.919c1.893 0 1.893 1.893 3.786 1.893 1.765 2.012 2.841 4.666 2.841 7.571s-1.077 5.559-2.853 7.584l.011-.013-268.776 266.884c-2.012 1.765-4.666 2.841-7.571 2.841s-5.559-1.077-7.584-2.853a3.774 3.774 0 0 1-1.877-3.793l-.002.019c-7.681-21.529-12.12-46.363-12.12-72.235 0-61.263 24.891-116.712 65.111-156.786 39.326-39.792 93.895-64.431 154.219-64.431 26.857 0 52.573 4.884 76.309 13.812l-1.494-.493z" fill="#82BC00" class="path4"></path></g></g></svg></div></span>
    Stop &amp; Shop Chick Peas Garbanzos
  </a></div> <!----> <!----></div> <div class="skeleton-loader_wrapper"><div class="product-grid-cell_sizes"><span class="product-grid-cell_size">
    15.5 OZ CAN
  </span> <span aria-hidden="true">
    |
  </span> <!----> <span class="product-grid-cell_unit">
    $0.06 / OZ
  </span></div> <!----></div> <!----> <!----> <!----> <!----> <!----> <!----> <!----></div> <div class="mobile-product-list-cell_bottom"><div class="mobile-product-list-cell_bottom_cart-ui-wrapper"><!----> <!----> <div class="pdl-add-to-cart"><div class="pdl-add-to-cart_button"><button aria-label="Add to cart" data-product-id="56431" data-price="0.88" class="button button--add-to-cart add-sale">
      Add to cart
      <!----></button> <!----> <!----> <!----></div> <!----></div></div> <!----></div></div></div> <div class="product-tile_action-items"><!----> <!----> <div class="shopping-list-menu_container"><div class="relative-el"><button aria-label="add to shopping list" class="button pdl-product-detail_top-icon button--fourth pdl-product-detail_top-icon--borderless"><!----> <div class="vector-icon-size--large"><svg xmlns="http://www.w3.org/2000/svg" aria-label="Shopping List Icon Add" viewBox="0 0 32 32" role="presentation" aria-hidden="true" focusable="false" class="vector-icon-color--dark-grey"><title lang="en">Shopping List Icon Add</title><desc></desc><g fill="" stroke=""><g><path d="M21.94066,15.3368884 L21.94066,12.8931995 C21.94066,12.3409148 22.3883752,11.8931995 22.94066,11.8931995 C23.4929447,11.8931995 23.94066,12.3409148 23.94066,12.8931995 L23.94066,15.3368884 L26.2522624,15.3368884 C26.8045471,15.3368884 27.2522624,15.7846037 27.2522624,16.3368884 C27.2522624,16.8891732 26.8045471,17.3368884 26.2522624,17.3368884 L23.94066,17.3368884 L23.94066,19.8787952 C23.94066,20.43108 23.4929447,20.8787952 22.94066,20.8787952 C22.3883752,20.8787952 21.94066,20.43108 21.94066,19.8787952 L21.94066,17.3368884 L19.2666667,17.3368884 C18.7143819,17.3368884 18.2666667,16.8891732 18.2666667,16.3368884 C18.2666667,15.7846037 18.7143819,15.3368884 19.2666667,15.3368884 L21.94066,15.3368884 Z M8,12 C7.44771525,12 7,11.5522847 7,11 C7,10.4477153 7.44771525,10 8,10 L19.1153581,10 C19.6676429,10 20.1153581,10.4477153 20.1153581,11 C20.1153581,11.5522847 19.6676429,12 19.1153581,12 L8,12 Z M8,17.3368884 C7.44771525,17.3368884 7,16.8891732 7,16.3368884 C7,15.7846037 7.44771525,15.3368884 8,15.3368884 L14.7200696,15.3368884 C15.2723543,15.3368884 15.7200696,15.7846037 15.7200696,16.3368884 C15.7200696,16.8891732 15.2723543,17.3368884 14.7200696,17.3368884 L8,17.3368884 Z M8,23 C7.44771525,23 7,22.5522847 7,22 C7,21.4477153 7.44771525,21 8,21 L19.1153581,21 C19.6676429,21 20.1153581,21.4477153 20.1153581,22 C20.1153581,22.5522847 19.6676429,23 19.1153581,23 L8,23 Z" fill="#000000" fill-rule="nonzero"></path></g></g></svg></div> <div class="pdl-product-detail_list-tooltip"><p>Add item to shopping list</p> <em></em></div></button></div></div></div> <!----></li> <!----><!----> <!----> <!----> <!----> <li tabindex="-1" data-product-id="6833" class="slot mobile-product-list-cell"><!----> <!----> <!----> <!----> <div class="mobile-product-list-cell_content"><div><!----> <div class="flag_outer-container"><!----> <!----> <!----> <!----></div></div> <div class="mobile-product-list-cell_left"><div><!----> <img src="data:image/svg+xml;base64,PD94bWwgdmVyc2lvbj0iMS4wIiBlbmNvZGluZz0idXRmLTgiPz4KPCEtLSBHZW5lcmF0ZWQgYnkgSWNvTW9vbi5pbyAtLT4KPCFET0NUWVBFIHN2ZyBQVUJMSUMgIi0vL1czQy8vRFREIFNWRyAxLjEvL0VOIiAiaHR0cDovL3d3dy53My5vcmcvR3JhcGhpY3MvU1ZHLzEuMS9EVEQvc3ZnMTEuZHRkIj4KPHN2ZyB2ZXJzaW9uPSIxLjEiIHhtbG5zPSJodHRwOi8vd3d3LnczLm9yZy8yMDAwL3N2ZyIgeG1sbnM6eGxpbms9Imh0dHA6Ly93d3cudzMub3JnLzE5OTkveGxpbmsiIHdpZHRoPSI0OCIgaGVpZ2h0PSI0OCIgdmlld0JveD0iMCAwIDQ4IDQ4Ij4KPGcgaWQ9Imljb21vb24taWdub3JlIj4KCTxsaW5lIHN0cm9rZS13aWR0aD0iMSIgeDE9IiIgeTE9IiIgeDI9IiIgeTI9IiIgc3Ryb2tlPSIjNDQ5RkRCIiBvcGFjaXR5PSIiPjwvbGluZT4KPC9nPgoJPHBhdGggZD0iTTM4LjQ4IDkuMDcwYzAuMjQ4IDAgMC40NSAwLjIwMiAwLjQ1IDAuNDV2MjguOTU5YzAgMC4yNDgtMC4yMDIgMC40NS0wLjQ1IDAuNDVoLTI4Ljk1OWMtMC4yNDggMC0wLjQ1LTAuMjAyLTAuNDUtMC40NXYtMjguOTU5YzAtMC4yNDggMC4yMDItMC40NSAwLjQ1LTAuNDVoMjguOTU5ek0zOC40OCA4aC0yOC45NTljLTAuODQgMC0xLjUyIDAuNjgxLTEuNTIgMS41MjF2MjguOTU5YzAgMC44NCAwLjY4MSAxLjUyMSAxLjUyIDEuNTIxaDI4Ljk1OWMwLjg0IDAgMS41Mi0wLjY4MSAxLjUyLTEuNTIxdi0yOC45NTljMC0wLjg0LTAuNjgxLTEuNTIxLTEuNTItMS41MjF2MHoiIG9wYWNpdHk9IjEiIHZpc2liaWxpdHk9ImZhbHNlIiBmaWxsPSIjZDdkN2Q3Ij48L3BhdGg+Cgk8cGF0aCBkPSJNMTIuMjI4IDM1LjIyNHYtMy4zMjljMC0wLjE0NSAwLjA1OC0wLjI4NSAwLjE2LTAuMzg4bDUuNTg3LTUuNTg3YzAuMjE0LTAuMjE0IDAuNTYxLTAuMjE0IDAuNzc1IDBsMi4xMTkgMi4xMTljMC4yMTQgMC4yMTQgMC41NjEgMC4yMTQgMC43NzUgMGw4LjE5MS04LjE5MmMwLjIxNC0wLjIxNCAwLjU2MS0wLjIxNCAwLjc3NSAwbDUgNWMwLjEwMyAwLjEwMyAwLjE2IDAuMjQyIDAuMTYgMC4zODh2OS45ODhjMCAwLjMwMy0wLjI0NSAwLjU0OC0wLjU0OCAwLjU0OGgtMjIuNDQ3Yy0wLjMwMyAwLTAuNTQ4LTAuMjQ1LTAuNTQ4LTAuNTQ4eiIgb3BhY2l0eT0iMSIgdmlzaWJpbGl0eT0iZmFsc2UiIGZpbGw9IiNkN2Q3ZDciPjwvcGF0aD4KCTxwYXRoIGQ9Ik0yMS41NDQgMTcuOTY3YzAgMS45ODItMS42MDYgMy41ODgtMy41ODggMy41ODhzLTMuNTg4LTEuNjA2LTMuNTg4LTMuNTg4YzAtMS45ODEgMS42MDYtMy41ODggMy41ODgtMy41ODhzMy41ODggMS42MDYgMy41ODggMy41ODh6IiBvcGFjaXR5PSIxIiB2aXNpYmlsaXR5PSJmYWxzZSIgZmlsbD0iI2Q3ZDdkNyI+PC9wYXRoPgo8L3N2Zz4K" alt="Diet Coke Cola Soda" skeleton-box-size="9rem" class="product-grid-image object-contain"></div></div> <div class="mobile-product-list-cell_info"><div class="product-tile_detail"><div class="skeleton-loader_wrapper cursor-pointer"><div class="product-grid-cell_price-container product-grid-cell_price-container--mobile"><span class="product-grid-cell_main-price"><!---->
    $2.99
  </span> <!----></div> <!----></div> <!----></div> <div class="mobile-product-list-cell_name-content"><div class="skeleton-loader_wrapper"><div class="product-grid-cell_name"><a id="product-name-6833-16760862543764285" href="#" data-opens-modal="true" aria-haspopup="dialog" class="product-grid-cell_name-text product-grid-cell_name-text--clamp-2"><!---->
    Diet Coke Cola Soda
  </a></div> <!----> <!----></div> <div class="skeleton-loader_wrapper"><div class="product-grid-cell_sizes"><span class="product-grid-cell_size">
    2 LTR BTL
  </span> <span aria-hidden="true">
    |
  </span> <!----> <span class="product-grid-cell_unit">
    $0.04 / OZ
  </span></div> <!----></div> <!----> <div id="coupon-link-6833-16760862543764285" tabindex="0" role="link" aria-label="Open coupon details" data-opens-modal="true" class="product-tile_coupon-offer product-tile_coupon-offer-eci product-tile_coupon-offer--mobile" is-mobile="true"><div class="product-tile_coupon-offer-display"><!----> <div class="vector-icon_mobile-center"><!----></div> <div class="product-tile_coupon-offer-name flex-center product-tile_coupon-offer-name--full-tile"><!---->
      5/$8 when you buy 5 or more
    </div></div> <!----> <div class="product-tile_coupon-offer-loading-coupon"><!----></div></div> <!----> <!----> <!----> <!----> <!----></div> <div class="mobile-product-list-cell_bottom"><div class="mobile-product-list-cell_bottom_cart-ui-wrapper"><!----> <!----> <div class="pdl-add-to-cart"><div class="pdl-add-to-cart_button"><button aria-label="Add to cart" data-product-id="6833" data-price="2.99" class="button button--add-to-cart">
      Add to cart
      <!----></button> <!----> <!----> <!----></div> <!----></div></div> <!----></div></div></div> <div class="product-tile_action-items"><!----> <!----> <div class="shopping-list-menu_container"><div class="relative-el"><button aria-label="add to shopping list" class="button pdl-product-detail_top-icon button--fourth pdl-product-detail_top-icon--borderless"><!----> <div class="vector-icon-size--large"><svg xmlns="http://www.w3.org/2000/svg" aria-label="Shopping List Icon Add" viewBox="0 0 32 32" role="presentation" aria-hidden="true" focusable="false" class="vector-icon-color--dark-grey"><title lang="en">Shopping List Icon Add</title><desc></desc><g fill="" stroke=""><g><path d="M21.94066,15.3368884 L21.94066,12.8931995 C21.94066,12.3409148 22.3883752,11.8931995 22.94066,11.8931995 C23.4929447,11.8931995 23.94066,12.3409148 23.94066,12.8931995 L23.94066,15.3368884 L26.2522624,15.3368884 C26.8045471,15.3368884 27.2522624,15.7846037 27.2522624,16.3368884 C27.2522624,16.8891732 26.8045471,17.3368884 26.2522624,17.3368884 L23.94066,17.3368884 L23.94066,19.8787952 C23.94066,20.43108 23.4929447,20.8787952 22.94066,20.8787952 C22.3883752,20.8787952 21.94066,20.43108 21.94066,19.8787952 L21.94066,17.3368884 L19.2666667,17.3368884 C18.7143819,17.3368884 18.2666667,16.8891732 18.2666667,16.3368884 C18.2666667,15.7846037 18.7143819,15.3368884 19.2666667,15.3368884 L21.94066,15.3368884 Z M8,12 C7.44771525,12 7,11.5522847 7,11 C7,10.4477153 7.44771525,10 8,10 L19.1153581,10 C19.6676429,10 20.1153581,10.4477153 20.1153581,11 C20.1153581,11.5522847 19.6676429,12 19.1153581,12 L8,12 Z M8,17.3368884 C7.44771525,17.3368884 7,16.8891732 7,16.3368884 C7,15.7846037 7.44771525,15.3368884 8,15.3368884 L14.7200696,15.3368884 C15.2723543,15.3368884 15.7200696,15.7846037 15.7200696,16.3368884 C15.7200696,16.8891732 15.2723543,17.3368884 14.7200696,17.3368884 L8,17.3368884 Z M8,23 C7.44771525,23 7,22.5522847 7,22 C7,21.4477153 7.44771525,21 8,21 L19.1153581,21 C19.6676429,21 20.1153581,21.4477153 20.1153581,22 C20.1153581,22.5522847 19.6676429,23 19.1153581,23 L8,23 Z" fill="#000000" fill-rule="nonzero"></path></g></g></svg></div> <div class="pdl-product-detail_list-tooltip"><p>Add item to shopping list</p> <em></em></div></button></div></div></div> <!----></li> <!----><!----> <!----> <!----> <!----> <li tabindex="-1" data-product-id="216455" class="slot mobile-product-list-cell"><!----> <!----> <!----> <!----> <div class="mobile-product-list-cell_content"><div><!----> <div class="flag_outer-container"><!----> <!----> <!----> <!----></div></div> <div class="mobile-product-list-cell_left"><div><!----> <img src="data:image/svg+xml;base64,PD94bWwgdmVyc2lvbj0iMS4wIiBlbmNvZGluZz0idXRmLTgiPz4KPCEtLSBHZW5lcmF0ZWQgYnkgSWNvTW9vbi5pbyAtLT4KPCFET0NUWVBFIHN2ZyBQVUJMSUMgIi0vL1czQy8vRFREIFNWRyAxLjEvL0VOIiAiaHR0cDovL3d3dy53My5vcmcvR3JhcGhpY3MvU1ZHLzEuMS9EVEQvc3ZnMTEuZHRkIj4KPHN2ZyB2ZXJzaW9uPSIxLjEiIHhtbG5zPSJodHRwOi8vd3d3LnczLm9yZy8yMDAwL3N2ZyIgeG1sbnM6eGxpbms9Imh0dHA6Ly93d3cudzMub3JnLzE5OTkveGxpbmsiIHdpZHRoPSI0OCIgaGVpZ2h0PSI0OCIgdmlld0JveD0iMCAwIDQ4IDQ4Ij4KPGcgaWQ9Imljb21vb24taWdub3JlIj4KCTxsaW5lIHN0cm9rZS13aWR0aD0iMSIgeDE9IiIgeTE9IiIgeDI9IiIgeTI9IiIgc3Ryb2tlPSIjNDQ5RkRCIiBvcGFjaXR5PSIiPjwvbGluZT4KPC9nPgoJPHBhdGggZD0iTTM4LjQ4IDkuMDcwYzAuMjQ4IDAgMC40NSAwLjIwMiAwLjQ1IDAuNDV2MjguOTU5YzAgMC4yNDgtMC4yMDIgMC40NS0wLjQ1IDAuNDVoLTI4Ljk1OWMtMC4yNDggMC0wLjQ1LTAuMjAyLTAuNDUtMC40NXYtMjguOTU5YzAtMC4yNDggMC4yMDItMC40NSAwLjQ1LTAuNDVoMjguOTU5ek0zOC40OCA4aC0yOC45NTljLTAuODQgMC0xLjUyIDAuNjgxLTEuNTIgMS41MjF2MjguOTU5YzAgMC44NCAwLjY4MSAxLjUyMSAxLjUyIDEuNTIxaDI4Ljk1OWMwLjg0IDAgMS41Mi0wLjY4MSAxLjUyLTEuNTIxdi0yOC45NTljMC0wLjg0LTAuNjgxLTEuNTIxLTEuNTItMS41MjF2MHoiIG9wYWNpdHk9IjEiIHZpc2liaWxpdHk9ImZhbHNlIiBmaWxsPSIjZDdkN2Q3Ij48L3BhdGg+Cgk8cGF0aCBkPSJNMTIuMjI4IDM1LjIyNHYtMy4zMjljMC0wLjE0NSAwLjA1OC0wLjI4NSAwLjE2LTAuMzg4bDUuNTg3LTUuNTg3YzAuMjE0LTAuMjE0IDAuNTYxLTAuMjE0IDAuNzc1IDBsMi4xMTkgMi4xMTljMC4yMTQgMC4yMTQgMC41NjEgMC4yMTQgMC43NzUgMGw4LjE5MS04LjE5MmMwLjIxNC0wLjIxNCAwLjU2MS0wLjIxNCAwLjc3NSAwbDUgNWMwLjEwMyAwLjEwMyAwLjE2IDAuMjQyIDAuMTYgMC4zODh2OS45ODhjMCAwLjMwMy0wLjI0NSAwLjU0OC0wLjU0OCAwLjU0OGgtMjIuNDQ3Yy0wLjMwMyAwLTAuNTQ4LTAuMjQ1LTAuNTQ4LTAuNTQ4eiIgb3BhY2l0eT0iMSIgdmlzaWJpbGl0eT0iZmFsc2UiIGZpbGw9IiNkN2Q3ZDciPjwvcGF0aD4KCTxwYXRoIGQ9Ik0yMS41NDQgMTcuOTY3YzAgMS45ODItMS42MDYgMy41ODgtMy41ODggMy41ODhzLTMuNTg4LTEuNjA2LTMuNTg4LTMuNTg4YzAtMS45ODEgMS42MDYtMy41ODggMy41ODgtMy41ODhzMy41ODggMS42MDYgMy41ODggMy41ODh6IiBvcGFjaXR5PSIxIiB2aXNpYmlsaXR5PSJmYWxzZSIgZmlsbD0iI2Q3ZDdkNyI+PC9wYXRoPgo8L3N2Zz4K" alt="Sweet Potatoes" skeleton-box-size="9rem" class="product-grid-image object-contain"></div></div> <div class="mobile-product-list-cell_info"><div class="product-tile_detail"><div class="skeleton-loader_wrapper cursor-pointer"><div class="product-grid-cell_price-container product-grid-cell_price-container--mobile"><span class="product-grid-cell_main-price"><!---->
    $3.99
  </span> <!----></div> <!----></div> <!----></div> <div class="mobile-product-list-cell_name-content"><div class="skeleton-loader_wrapper"><div class="product-grid-cell_name"><a id="product-name-216455-16761547339764866" href="#" data-opens-modal="true" aria-haspopup="dialog" class="product-grid-cell_name-text product-grid-cell_name-text--clamp-2"><!---->
    Sweet Potatoes
  </a></div> <!----> <!----></div> <div class="skeleton-loader_wrapper"><div class="product-grid-cell_sizes"><span class="product-grid-cell_size">
    5 LB BAG
  </span> <span aria-hidden="true">
    |
  </span> <!----> <span class="product-grid-cell_unit">
    $0.05 / OZ
  </span></div> <!----></div> <!----> <!----> <!----> <!----> <!----> <!----> <!----></div> <div class="mobile-product-list-cell_bottom"><div class="mobile-product-list-cell_bottom_cart-ui-wrapper"><!----> <!----> <div class="pdl-add-to-cart"><div class="pdl-add-to-cart_button"><button aria-label="Add to cart" data-product-id="216455" data-price="3.99" class="button button--add-to-cart">
      Add to cart
      <!----></button> <!----> <!----> <!----></div> <!----></div></div> <!----></div></div></div> <div class="product-tile_action-items"><!----> <!----> <div class="shopping-list-menu_container"><div class="relative-el"><button aria-label="add to shopping list" class="button pdl-product-detail_top-icon button--fourth pdl-product-detail_top-icon--borderless"><!----> <div class="vector-icon-size--large"><svg xmlns="http://www.w3.org/2000/svg" aria-label="Shopping List Icon Add" viewBox="0 0 32 32" role="presentation" aria-hidden="true" focusable="false" class="vector-icon-color--dark-grey"><title lang="en">Shopping List Icon Add</title><desc></desc><g fill="" stroke=""><g><path d="M21.94066,15.3368884 L21.94066,12.8931995 C21.94066,12.3409148 22.3883752,11.8931995 22.94066,11.8931995 C23.4929447,11.8931995 23.94066,12.3409148 23.94066,12.8931995 L23.94066,15.3368884 L26.2522624,15.3368884 C26.8045471,15.3368884 27.2522624,15.7846037 27.2522624,16.3368884 C27.2522624,16.8891732 26.8045471,17.3368884 26.2522624,17.3368884 L23.94066,17.3368884 L23.94066,19.8787952 C23.94066,20.43108 23.4929447,20.8787952 22.94066,20.8787952 C22.3883752,20.8787952 21.94066,20.43108 21.94066,19.8787952 L21.94066,17.3368884 L19.2666667,17.3368884 C18.7143819,17.3368884 18.2666667,16.8891732 18.2666667,16.3368884 C18.2666667,15.7846037 18.7143819,15.3368884 19.2666667,15.3368884 L21.94066,15.3368884 Z M8,12 C7.44771525,12 7,11.5522847 7,11 C7,10.4477153 7.44771525,10 8,10 L19.1153581,10 C19.6676429,10 20.1153581,10.4477153 20.1153581,11 C20.1153581,11.5522847 19.6676429,12 19.1153581,12 L8,12 Z M8,17.3368884 C7.44771525,17.3368884 7,16.8891732 7,16.3368884 C7,15.7846037 7.44771525,15.3368884 8,15.3368884 L14.7200696,15.3368884 C15.2723543,15.3368884 15.7200696,15.7846037 15.7200696,16.3368884 C15.7200696,16.8891732 15.2723543,17.3368884 14.7200696,17.3368884 L8,17.3368884 Z M8,23 C7.44771525,23 7,22.5522847 7,22 C7,21.4477153 7.44771525,21 8,21 L19.1153581,21 C19.6676429,21 20.1153581,21.4477153 20.1153581,22 C20.1153581,22.5522847 19.6676429,23 19.1153581,23 L8,23 Z" fill="#000000" fill-rule="nonzero"></path></g></g></svg></div> <div class="pdl-product-detail_list-tooltip"><p>Add item to shopping list</p> <em></em></div></button></div></div></div> <!----></li> <!----><!----> <!----> <!----> <!----> <li tabindex="-1" data-product-id="118635" class="slot mobile-product-list-cell"><!----> <!----> <!----> <!----> <div class="mobile-product-list-cell_content"><div><!----> <div class="flag_outer-container"><!----> <!----> <!----> <!----></div></div> <div class="mobile-product-list-cell_left"><div><!----> <img src="data:image/svg+xml;base64,PD94bWwgdmVyc2lvbj0iMS4wIiBlbmNvZGluZz0idXRmLTgiPz4KPCEtLSBHZW5lcmF0ZWQgYnkgSWNvTW9vbi5pbyAtLT4KPCFET0NUWVBFIHN2ZyBQVUJMSUMgIi0vL1czQy8vRFREIFNWRyAxLjEvL0VOIiAiaHR0cDovL3d3dy53My5vcmcvR3JhcGhpY3MvU1ZHLzEuMS9EVEQvc3ZnMTEuZHRkIj4KPHN2ZyB2ZXJzaW9uPSIxLjEiIHhtbG5zPSJodHRwOi8vd3d3LnczLm9yZy8yMDAwL3N2ZyIgeG1sbnM6eGxpbms9Imh0dHA6Ly93d3cudzMub3JnLzE5OTkveGxpbmsiIHdpZHRoPSI0OCIgaGVpZ2h0PSI0OCIgdmlld0JveD0iMCAwIDQ4IDQ4Ij4KPGcgaWQ9Imljb21vb24taWdub3JlIj4KCTxsaW5lIHN0cm9rZS13aWR0aD0iMSIgeDE9IiIgeTE9IiIgeDI9IiIgeTI9IiIgc3Ryb2tlPSIjNDQ5RkRCIiBvcGFjaXR5PSIiPjwvbGluZT4KPC9nPgoJPHBhdGggZD0iTTM4LjQ4IDkuMDcwYzAuMjQ4IDAgMC40NSAwLjIwMiAwLjQ1IDAuNDV2MjguOTU5YzAgMC4yNDgtMC4yMDIgMC40NS0wLjQ1IDAuNDVoLTI4Ljk1OWMtMC4yNDggMC0wLjQ1LTAuMjAyLTAuNDUtMC40NXYtMjguOTU5YzAtMC4yNDggMC4yMDItMC40NSAwLjQ1LTAuNDVoMjguOTU5ek0zOC40OCA4aC0yOC45NTljLTAuODQgMC0xLjUyIDAuNjgxLTEuNTIgMS41MjF2MjguOTU5YzAgMC44NCAwLjY4MSAxLjUyMSAxLjUyIDEuNTIxaDI4Ljk1OWMwLjg0IDAgMS41Mi0wLjY4MSAxLjUyLTEuNTIxdi0yOC45NTljMC0wLjg0LTAuNjgxLTEuNTIxLTEuNTItMS41MjF2MHoiIG9wYWNpdHk9IjEiIHZpc2liaWxpdHk9ImZhbHNlIiBmaWxsPSIjZDdkN2Q3Ij48L3BhdGg+Cgk8cGF0aCBkPSJNMTIuMjI4IDM1LjIyNHYtMy4zMjljMC0wLjE0NSAwLjA1OC0wLjI4NSAwLjE2LTAuMzg4bDUuNTg3LTUuNTg3YzAuMjE0LTAuMjE0IDAuNTYxLTAuMjE0IDAuNzc1IDBsMi4xMTkgMi4xMTljMC4yMTQgMC4yMTQgMC41NjEgMC4yMTQgMC43NzUgMGw4LjE5MS04LjE5MmMwLjIxNC0wLjIxNCAwLjU2MS0wLjIxNCAwLjc3NSAwbDUgNWMwLjEwMyAwLjEwMyAwLjE2IDAuMjQyIDAuMTYgMC4zODh2OS45ODhjMCAwLjMwMy0wLjI0NSAwLjU0OC0wLjU0OCAwLjU0OGgtMjIuNDQ3Yy0wLjMwMyAwLTAuNTQ4LTAuMjQ1LTAuNTQ4LTAuNTQ4eiIgb3BhY2l0eT0iMSIgdmlzaWJpbGl0eT0iZmFsc2UiIGZpbGw9IiNkN2Q3ZDciPjwvcGF0aD4KCTxwYXRoIGQ9Ik0yMS41NDQgMTcuOTY3YzAgMS45ODItMS42MDYgMy41ODgtMy41ODggMy41ODhzLTMuNTg4LTEuNjA2LTMuNTg4LTMuNTg4YzAtMS45ODEgMS42MDYtMy41ODggMy41ODgtMy41ODhzMy41ODggMS42MDYgMy41ODggMy41ODh6IiBvcGFjaXR5PSIxIiB2aXNpYmlsaXR5PSJmYWxzZSIgZmlsbD0iI2Q3ZDdkNyI+PC9wYXRoPgo8L3N2Zz4K" alt="Pears Anjou" skeleton-box-size="9rem" class="product-grid-image object-contain"></div></div> <div class="mobile-product-list-cell_info"><div class="product-tile_detail"><div class="skeleton-loader_wrapper cursor-pointer"><div class="product-grid-cell_price-container product-grid-cell_price-container--mobile"><span class="product-grid-cell_main-price"><!---->
    $1.21
  </span> <!----></div> <!----></div> <!----></div> <div class="mobile-product-list-cell_name-content"><div class="skeleton-loader_wrapper"><div class="product-grid-cell_name"><a id="product-name-118635-16761547343914539" href="#" data-opens-modal="true" aria-haspopup="dialog" class="product-grid-cell_name-text product-grid-cell_name-text--clamp-2"><!---->
    Pears Anjou
  </a></div> <!----> <!----></div> <div class="skeleton-loader_wrapper"><div class="product-grid-cell_sizes"><span class="product-grid-cell_size">
    1 EA
  </span> <span aria-hidden="true">
    |
  </span> <!----> <span class="product-grid-cell_unit">
    $1.21 / EA
  </span></div> <!----></div> <!----> <!----> <!----> <!----> <!----> <!----> <!----></div> <div class="mobile-product-list-cell_bottom"><div class="mobile-product-list-cell_bottom_cart-ui-wrapper"><!----> <!----> <div class="pdl-add-to-cart"><div class="pdl-add-to-cart_button"><button aria-label="Add to cart" data-product-id="118635" data-price="1.21" class="button button--add-to-cart">
      Add to cart
      <!----></button> <!----> <!----> <!----></div> <!----></div></div> <!----></div></div></div> <div class="product-tile_action-items"><!----> <!----> <div class="shopping-list-menu_container"><div class="relative-el"><button aria-label="add to shopping list" class="button pdl-product-detail_top-icon button--fourth pdl-product-detail_top-icon--borderless"><!----> <div class="vector-icon-size--large"><svg xmlns="http://www.w3.org/2000/svg" aria-label="Shopping List Icon Add" viewBox="0 0 32 32" role="presentation" aria-hidden="true" focusable="false" class="vector-icon-color--dark-grey"><title lang="en">Shopping List Icon Add</title><desc></desc><g fill="" stroke=""><g><path d="M21.94066,15.3368884 L21.94066,12.8931995 C21.94066,12.3409148 22.3883752,11.8931995 22.94066,11.8931995 C23.4929447,11.8931995 23.94066,12.3409148 23.94066,12.8931995 L23.94066,15.3368884 L26.2522624,15.3368884 C26.8045471,15.3368884 27.2522624,15.7846037 27.2522624,16.3368884 C27.2522624,16.8891732 26.8045471,17.3368884 26.2522624,17.3368884 L23.94066,17.3368884 L23.94066,19.8787952 C23.94066,20.43108 23.4929447,20.8787952 22.94066,20.8787952 C22.3883752,20.8787952 21.94066,20.43108 21.94066,19.8787952 L21.94066,17.3368884 L19.2666667,17.3368884 C18.7143819,17.3368884 18.2666667,16.8891732 18.2666667,16.3368884 C18.2666667,15.7846037 18.7143819,15.3368884 19.2666667,15.3368884 L21.94066,15.3368884 Z M8,12 C7.44771525,12 7,11.5522847 7,11 C7,10.4477153 7.44771525,10 8,10 L19.1153581,10 C19.6676429,10 20.1153581,10.4477153 20.1153581,11 C20.1153581,11.5522847 19.6676429,12 19.1153581,12 L8,12 Z M8,17.3368884 C7.44771525,17.3368884 7,16.8891732 7,16.3368884 C7,15.7846037 7.44771525,15.3368884 8,15.3368884 L14.7200696,15.3368884 C15.2723543,15.3368884 15.7200696,15.7846037 15.7200696,16.3368884 C15.7200696,16.8891732 15.2723543,17.3368884 14.7200696,17.3368884 L8,17.3368884 Z M8,23 C7.44771525,23 7,22.5522847 7,22 C7,21.4477153 7.44771525,21 8,21 L19.1153581,21 C19.6676429,21 20.1153581,21.4477153 20.1153581,22 C20.1153581,22.5522847 19.6676429,23 19.1153581,23 L8,23 Z" fill="#000000" fill-rule="nonzero"></path></g></g></svg></div> <div class="pdl-product-detail_list-tooltip"><p>Add item to shopping list</p> <em></em></div></button></div></div></div> <!----></li> <!----><!----> <!----> <!----> <!----> <li tabindex="-1" data-product-id="64960" class="slot mobile-product-list-cell"><!----> <!----> <!----> <!----> <div class="mobile-product-list-cell_content"><div><!----> <div class="flag_outer-container"><div class=""><svg xmlns="http://www.w3.org/2000/svg" aria-label="Sale" viewBox="0 0 32 32" role="presentation" aria-hidden="true" focusable="false" class="w-20 ml-3"><title lang="en">Sale</title><desc></desc><g fill="" stroke=""><g><path d="M16.56 19.87a3.81 3.81 0 0 1-1-.13l-13.39-3.5a1.5 1.5 0 0 1-1.12-1.34l-.81-11a1.52 1.52 0 0 1 1.39-1.61l27.69-2h.11a1.51 1.51 0 0 1 1.5 1.4l.82 11a1.52 1.52 0 0 1-.91 1.5l-12.72 5.36a3.79 3.79 0 0 1-1.56.32Z" fill="#ed1256"></path><path fill="#fff" d="M29.43.48a1.26 1.26 0 0 1 1.26 1.17l.82 11a1.27 1.27 0 0 1-.76 1.26L18 19.34a3.72 3.72 0 0 1-1.47.3 3.79 3.79 0 0 1-.94-.12L2.24 16a1.27 1.27 0 0 1-1-1.13l-.81-11a1.26 1.26 0 0 1 1.22-1.33L29.34.48h.09m0-.48h-.13L1.62 2A1.76 1.76 0 0 0 0 3.92l.82 11a1.73 1.73 0 0 0 1.3 1.55L15.5 20a4.3 4.3 0 0 0 1.07.14 4.24 4.24 0 0 0 1.65-.34l12.72-5.44A1.76 1.76 0 0 0 32 12.59l-.82-11A1.76 1.76 0 0 0 29.43 0Z"></path><path fill="#fff" d="M3.74 9.87a3 3 0 0 0 .82.55 2.21 2.21 0 0 0 1.08.19 1.6 1.6 0 0 0 .29 0 1 1 0 0 0 .26-.12.58.58 0 0 0 .18-.2.62.62 0 0 0 0-.31.59.59 0 0 0-.32-.49 3.38 3.38 0 0 0-.85-.34L4.84 9a4.19 4.19 0 0 1-.69-.26 2.44 2.44 0 0 1-.63-.41 1.92 1.92 0 0 1-.7-1.42 2.68 2.68 0 0 1 .1-1A2.2 2.2 0 0 1 3.39 5a2.42 2.42 0 0 1 .82-.6 3.15 3.15 0 0 1 1.17-.28 3.68 3.68 0 0 1 1.72.24 3 3 0 0 1 .57.29A2.66 2.66 0 0 1 8 5l-.82 1.37a4.42 4.42 0 0 0-.82-.45 2 2 0 0 0-.85-.13 1.4 1.4 0 0 0-.28.06A.9.9 0 0 0 5 6a.62.62 0 0 0-.16.2.5.5 0 0 0 0 .28.6.6 0 0 0 .1.31.68.68 0 0 0 .24.2 1.27 1.27 0 0 0 .35.15l.43.13.35.09a7.49 7.49 0 0 1 .69.22 2.2 2.2 0 0 1 .72.42 2.46 2.46 0 0 1 .54.68 2.31 2.31 0 0 1 .27 1 2.15 2.15 0 0 1-.15 1 2.53 2.53 0 0 1-.56.84 2.77 2.77 0 0 1-.88.59 4 4 0 0 1-1.11.27A4.67 4.67 0 0 1 4 12.25a3.79 3.79 0 0 1-1.28-.75ZM11.29 3.89l2.17-.16 3.1 7.7-2 .15L14 10l-2.39.18-.35 1.67-2 .14Zm2.15 4.6-1-2.84-.61 2.95ZM17 3.47l1.89-.14.44 6 3.3-.25.16 1.92-5.19.39ZM23.36 3l5.13-.38.13 1.8-3.24.24.09 1.22 2.66-.2.12 1.7-2.65.2.09 1.35 3.46-.26.13 1.81-5.34.4Z"></path></g></g></svg></div> <!----> <!----> <!----></div></div> <div class="mobile-product-list-cell_left"><div><!----> <img src="data:image/svg+xml;base64,PD94bWwgdmVyc2lvbj0iMS4wIiBlbmNvZGluZz0idXRmLTgiPz4KPCEtLSBHZW5lcmF0ZWQgYnkgSWNvTW9vbi5pbyAtLT4KPCFET0NUWVBFIHN2ZyBQVUJMSUMgIi0vL1czQy8vRFREIFNWRyAxLjEvL0VOIiAiaHR0cDovL3d3dy53My5vcmcvR3JhcGhpY3MvU1ZHLzEuMS9EVEQvc3ZnMTEuZHRkIj4KPHN2ZyB2ZXJzaW9uPSIxLjEiIHhtbG5zPSJodHRwOi8vd3d3LnczLm9yZy8yMDAwL3N2ZyIgeG1sbnM6eGxpbms9Imh0dHA6Ly93d3cudzMub3JnLzE5OTkveGxpbmsiIHdpZHRoPSI0OCIgaGVpZ2h0PSI0OCIgdmlld0JveD0iMCAwIDQ4IDQ4Ij4KPGcgaWQ9Imljb21vb24taWdub3JlIj4KCTxsaW5lIHN0cm9rZS13aWR0aD0iMSIgeDE9IiIgeTE9IiIgeDI9IiIgeTI9IiIgc3Ryb2tlPSIjNDQ5RkRCIiBvcGFjaXR5PSIiPjwvbGluZT4KPC9nPgoJPHBhdGggZD0iTTM4LjQ4IDkuMDcwYzAuMjQ4IDAgMC40NSAwLjIwMiAwLjQ1IDAuNDV2MjguOTU5YzAgMC4yNDgtMC4yMDIgMC40NS0wLjQ1IDAuNDVoLTI4Ljk1OWMtMC4yNDggMC0wLjQ1LTAuMjAyLTAuNDUtMC40NXYtMjguOTU5YzAtMC4yNDggMC4yMDItMC40NSAwLjQ1LTAuNDVoMjguOTU5ek0zOC40OCA4aC0yOC45NTljLTAuODQgMC0xLjUyIDAuNjgxLTEuNTIgMS41MjF2MjguOTU5YzAgMC44NCAwLjY4MSAxLjUyMSAxLjUyIDEuNTIxaDI4Ljk1OWMwLjg0IDAgMS41Mi0wLjY4MSAxLjUyLTEuNTIxdi0yOC45NTljMC0wLjg0LTAuNjgxLTEuNTIxLTEuNTItMS41MjF2MHoiIG9wYWNpdHk9IjEiIHZpc2liaWxpdHk9ImZhbHNlIiBmaWxsPSIjZDdkN2Q3Ij48L3BhdGg+Cgk8cGF0aCBkPSJNMTIuMjI4IDM1LjIyNHYtMy4zMjljMC0wLjE0NSAwLjA1OC0wLjI4NSAwLjE2LTAuMzg4bDUuNTg3LTUuNTg3YzAuMjE0LTAuMjE0IDAuNTYxLTAuMjE0IDAuNzc1IDBsMi4xMTkgMi4xMTljMC4yMTQgMC4yMTQgMC41NjEgMC4yMTQgMC43NzUgMGw4LjE5MS04LjE5MmMwLjIxNC0wLjIxNCAwLjU2MS0wLjIxNCAwLjc3NSAwbDUgNWMwLjEwMyAwLjEwMyAwLjE2IDAuMjQyIDAuMTYgMC4zODh2OS45ODhjMCAwLjMwMy0wLjI0NSAwLjU0OC0wLjU0OCAwLjU0OGgtMjIuNDQ3Yy0wLjMwMyAwLTAuNTQ4LTAuMjQ1LTAuNTQ4LTAuNTQ4eiIgb3BhY2l0eT0iMSIgdmlzaWJpbGl0eT0iZmFsc2UiIGZpbGw9IiNkN2Q3ZDciPjwvcGF0aD4KCTxwYXRoIGQ9Ik0yMS41NDQgMTcuOTY3YzAgMS45ODItMS42MDYgMy41ODgtMy41ODggMy41ODhzLTMuNTg4LTEuNjA2LTMuNTg4LTMuNTg4YzAtMS45ODEgMS42MDYtMy41ODggMy41ODgtMy41ODhzMy41ODggMS42MDYgMy41ODggMy41ODh6IiBvcGFjaXR5PSIxIiB2aXNpYmlsaXR5PSJmYWxzZSIgZmlsbD0iI2Q3ZDdkNyI+PC9wYXRoPgo8L3N2Zz4K" alt="Stop &amp; Shop Bagels Plain Pre-Sliced - 6 ct" skeleton-box-size="9rem" class="product-grid-image object-contain"></div></div> <div class="mobile-product-list-cell_info"><div class="product-tile_detail"><div class="skeleton-loader_wrapper cursor-pointer"><div class="product-grid-cell_price-container product-grid-cell_price-container_column product-grid-cell_price-container--mobile"><span class="product-grid-cell_main-price product-grid-cell_main-price--on-sale"><span class="sr-only">
      Sale Price
    </span>
    $3.59
  </span> <div class="product-grid-cell_was-container"><span class="product-grid-cell_regular-price product-grid-cell_regular-price--small"><span class="sr-only">
        Original Price
      </span>
      $3.79
    </span></div></div> <!----></div> <!----></div> <div class="mobile-product-list-cell_name-content"><div class="skeleton-loader_wrapper"><div class="product-grid-cell_name"><a id="product-name-64960-16761547343920497" href="#" data-opens-modal="true" aria-haspopup="dialog" class="product-grid-cell_name-text product-grid-cell_name-text--clamp-2"><span class="vector-icon_inline-text--left mr-0"><div class="vector-icon-size--xsmall"><svg xmlns="http://www.w3.org/2000/svg" aria-label="Ahold Icon" viewBox="0 0 1024 945" role="presentation" aria-hidden="true" focusable="false" class=""><title lang="en">Ahold Icon</title><desc></desc><g fill="" stroke=""><g><path d="M1.893 730.617c-1.289-2.094-2.052-4.631-2.052-7.346 0-.747.058-1.481.169-2.197.158-12.396 10.227-22.466 22.687-22.634h895.306c12.476.168 22.545 10.237 22.713 22.698-.521 3.721-1.182 6.924-2.024 10.053l.131-.574c-86.363 175.072-263.598 293.385-468.466 293.385S88.254 905.689 3.252 733.663l-1.361-3.046z" fill="#F7A800" class="path1"></path> <path d="M107.889 132.495c1.893-1.893 1.893-3.786 3.786-5.678 2.98-3.491 7.385-5.69 12.303-5.69s9.323 2.199 12.284 5.668l.019.022L613.264 603.8c3.491 2.98 5.69 7.385 5.69 12.303s-2.199 9.323-5.668 12.284c-1.399 1.869-3.361 3.216-5.631 3.789l-.069.015c-38.446 13.732-82.796 21.669-129.001 21.669-108.416 0-206.626-43.699-277.977-114.443C130.241 467.591 86.799 369.1 86.799 260.462c0-45.803 7.722-89.803 21.936-130.767l-.845 2.8z" fill="#E2231A" class="path2"></path> <path d="M600.015 1.893a6.922 6.922 0 0 1 5.713-1.889c.057-.006.164-.007.272-.007 7.15 0 12.947 5.796 12.947 12.947 0 .108-.001.215-.004.322v-.016 503.482c.002.091.004.199.004.306 0 7.15-5.796 12.947-12.947 12.947-.108 0-.215-.001-.322-.004a6.925 6.925 0 0 1-5.665-1.895l.002.002c-98.273-48.542-164.673-148.065-164.673-263.098S501.743 50.434 598.306 2.657l1.709-.765z" fill="#712177" class="path3"></path> <path d="M938.824 283.919c1.893 0 1.893 1.893 3.786 1.893 1.765 2.012 2.841 4.666 2.841 7.571s-1.077 5.559-2.853 7.584l.011-.013-268.776 266.884c-2.012 1.765-4.666 2.841-7.571 2.841s-5.559-1.077-7.584-2.853a3.774 3.774 0 0 1-1.877-3.793l-.002.019c-7.681-21.529-12.12-46.363-12.12-72.235 0-61.263 24.891-116.712 65.111-156.786 39.326-39.792 93.895-64.431 154.219-64.431 26.857 0 52.573 4.884 76.309 13.812l-1.494-.493z" fill="#82BC00" class="path4"></path></g></g></svg></div></span>
    Stop &amp; Shop Bagels Plain Pre-Sliced - 6 ct
  </a></div> <!----> <!----></div> <div class="skeleton-loader_wrapper"><div class="product-grid-cell_sizes"><span class="product-grid-cell_size">
    20 OZ PKG
  </span> <span aria-hidden="true">
    |
  </span> <!----> <span class="product-grid-cell_unit">
    $0.18 / OZ
  </span></div> <!----></div> <!----> <!----> <!----> <!----> <!----> <!----> <!----></div> <div class="mobile-product-list-cell_bottom"><div class="mobile-product-list-cell_bottom_cart-ui-wrapper"><!----> <!----> <div class="pdl-add-to-cart"><div class="pdl-add-to-cart_button"><button aria-label="Add to cart" data-product-id="64960" data-price="3.59" class="button button--add-to-cart add-sale">
      Add to cart
      <!----></button> <!----> <!----> <!----></div> <!----></div></div> <!----></div></div></div> <div class="product-tile_action-items"><!----> <!----> <div class="shopping-list-menu_container"><div class="relative-el"><button aria-label="add to shopping list" class="button pdl-product-detail_top-icon button--fourth pdl-product-detail_top-icon--borderless"><!----> <div class="vector-icon-size--large"><svg xmlns="http://www.w3.org/2000/svg" aria-label="Shopping List Icon Add" viewBox="0 0 32 32" role="presentation" aria-hidden="true" focusable="false" class="vector-icon-color--dark-grey"><title lang="en">Shopping List Icon Add</title><desc></desc><g fill="" stroke=""><g><path d="M21.94066,15.3368884 L21.94066,12.8931995 C21.94066,12.3409148 22.3883752,11.8931995 22.94066,11.8931995 C23.4929447,11.8931995 23.94066,12.3409148 23.94066,12.8931995 L23.94066,15.3368884 L26.2522624,15.3368884 C26.8045471,15.3368884 27.2522624,15.7846037 27.2522624,16.3368884 C27.2522624,16.8891732 26.8045471,17.3368884 26.2522624,17.3368884 L23.94066,17.3368884 L23.94066,19.8787952 C23.94066,20.43108 23.4929447,20.8787952 22.94066,20.8787952 C22.3883752,20.8787952 21.94066,20.43108 21.94066,19.8787952 L21.94066,17.3368884 L19.2666667,17.3368884 C18.7143819,17.3368884 18.2666667,16.8891732 18.2666667,16.3368884 C18.2666667,15.7846037 18.7143819,15.3368884 19.2666667,15.3368884 L21.94066,15.3368884 Z M8,12 C7.44771525,12 7,11.5522847 7,11 C7,10.4477153 7.44771525,10 8,10 L19.1153581,10 C19.6676429,10 20.1153581,10.4477153 20.1153581,11 C20.1153581,11.5522847 19.6676429,12 19.1153581,12 L8,12 Z M8,17.3368884 C7.44771525,17.3368884 7,16.8891732 7,16.3368884 C7,15.7846037 7.44771525,15.3368884 8,15.3368884 L14.7200696,15.3368884 C15.2723543,15.3368884 15.7200696,15.7846037 15.7200696,16.3368884 C15.7200696,16.8891732 15.2723543,17.3368884 14.7200696,17.3368884 L8,17.3368884 Z M8,23 C7.44771525,23 7,22.5522847 7,22 C7,21.4477153 7.44771525,21 8,21 L19.1153581,21 C19.6676429,21 20.1153581,21.4477153 20.1153581,22 C20.1153581,22.5522847 19.6676429,23 19.1153581,23 L8,23 Z" fill="#000000" fill-rule="nonzero"></path></g></g></svg></div> <div class="pdl-product-detail_list-tooltip"><p>Add item to shopping list</p> <em></em></div></button></div></div></div> <!----></li> <!----><!----> <!----> <!----> <!----> <li tabindex="-1" data-product-id="118620" class="slot mobile-product-list-cell"><!----> <!----> <!----> <!----> <div class="mobile-product-list-cell_content"><div><!----> <div class="flag_outer-container"><!----> <!----> <!----> <!----></div></div> <div class="mobile-product-list-cell_left"><div><!----> <img src="data:image/svg+xml;base64,PD94bWwgdmVyc2lvbj0iMS4wIiBlbmNvZGluZz0idXRmLTgiPz4KPCEtLSBHZW5lcmF0ZWQgYnkgSWNvTW9vbi5pbyAtLT4KPCFET0NUWVBFIHN2ZyBQVUJMSUMgIi0vL1czQy8vRFREIFNWRyAxLjEvL0VOIiAiaHR0cDovL3d3dy53My5vcmcvR3JhcGhpY3MvU1ZHLzEuMS9EVEQvc3ZnMTEuZHRkIj4KPHN2ZyB2ZXJzaW9uPSIxLjEiIHhtbG5zPSJodHRwOi8vd3d3LnczLm9yZy8yMDAwL3N2ZyIgeG1sbnM6eGxpbms9Imh0dHA6Ly93d3cudzMub3JnLzE5OTkveGxpbmsiIHdpZHRoPSI0OCIgaGVpZ2h0PSI0OCIgdmlld0JveD0iMCAwIDQ4IDQ4Ij4KPGcgaWQ9Imljb21vb24taWdub3JlIj4KCTxsaW5lIHN0cm9rZS13aWR0aD0iMSIgeDE9IiIgeTE9IiIgeDI9IiIgeTI9IiIgc3Ryb2tlPSIjNDQ5RkRCIiBvcGFjaXR5PSIiPjwvbGluZT4KPC9nPgoJPHBhdGggZD0iTTM4LjQ4IDkuMDcwYzAuMjQ4IDAgMC40NSAwLjIwMiAwLjQ1IDAuNDV2MjguOTU5YzAgMC4yNDgtMC4yMDIgMC40NS0wLjQ1IDAuNDVoLTI4Ljk1OWMtMC4yNDggMC0wLjQ1LTAuMjAyLTAuNDUtMC40NXYtMjguOTU5YzAtMC4yNDggMC4yMDItMC40NSAwLjQ1LTAuNDVoMjguOTU5ek0zOC40OCA4aC0yOC45NTljLTAuODQgMC0xLjUyIDAuNjgxLTEuNTIgMS41MjF2MjguOTU5YzAgMC44NCAwLjY4MSAxLjUyMSAxLjUyIDEuNTIxaDI4Ljk1OWMwLjg0IDAgMS41Mi0wLjY4MSAxLjUyLTEuNTIxdi0yOC45NTljMC0wLjg0LTAuNjgxLTEuNTIxLTEuNTItMS41MjF2MHoiIG9wYWNpdHk9IjEiIHZpc2liaWxpdHk9ImZhbHNlIiBmaWxsPSIjZDdkN2Q3Ij48L3BhdGg+Cgk8cGF0aCBkPSJNMTIuMjI4IDM1LjIyNHYtMy4zMjljMC0wLjE0NSAwLjA1OC0wLjI4NSAwLjE2LTAuMzg4bDUuNTg3LTUuNTg3YzAuMjE0LTAuMjE0IDAuNTYxLTAuMjE0IDAuNzc1IDBsMi4xMTkgMi4xMTljMC4yMTQgMC4yMTQgMC41NjEgMC4yMTQgMC43NzUgMGw4LjE5MS04LjE5MmMwLjIxNC0wLjIxNCAwLjU2MS0wLjIxNCAwLjc3NSAwbDUgNWMwLjEwMyAwLjEwMyAwLjE2IDAuMjQyIDAuMTYgMC4zODh2OS45ODhjMCAwLjMwMy0wLjI0NSAwLjU0OC0wLjU0OCAwLjU0OGgtMjIuNDQ3Yy0wLjMwMyAwLTAuNTQ4LTAuMjQ1LTAuNTQ4LTAuNTQ4eiIgb3BhY2l0eT0iMSIgdmlzaWJpbGl0eT0iZmFsc2UiIGZpbGw9IiNkN2Q3ZDciPjwvcGF0aD4KCTxwYXRoIGQ9Ik0yMS41NDQgMTcuOTY3YzAgMS45ODItMS42MDYgMy41ODgtMy41ODggMy41ODhzLTMuNTg4LTEuNjA2LTMuNTg4LTMuNTg4YzAtMS45ODEgMS42MDYtMy41ODggMy41ODgtMy41ODhzMy41ODggMS42MDYgMy41ODggMy41ODh6IiBvcGFjaXR5PSIxIiB2aXNpYmlsaXR5PSJmYWxzZSIgZmlsbD0iI2Q3ZDdkNyI+PC9wYXRoPgo8L3N2Zz4K" alt="Apples Red Delicious" skeleton-box-size="9rem" class="product-grid-image object-contain"></div></div> <div class="mobile-product-list-cell_info"><div class="product-tile_detail"><div class="skeleton-loader_wrapper cursor-pointer"><div class="product-grid-cell_price-container product-grid-cell_price-container--mobile"><span class="product-grid-cell_main-price"><!---->
    $1.02
  </span> <!----></div> <!----></div> <!----></div> <div class="mobile-product-list-cell_name-content"><div class="skeleton-loader_wrapper"><div class="product-grid-cell_name"><a id="product-name-118620-16761547343959664" href="#" data-opens-modal="true" aria-haspopup="dialog" class="product-grid-cell_name-text product-grid-cell_name-text--clamp-2"><!---->
    Apples Red Delicious
  </a></div> <!----> <!----></div> <div class="skeleton-loader_wrapper"><div class="product-grid-cell_sizes"><span class="product-grid-cell_size">
    1 EA
  </span> <span aria-hidden="true">
    |
  </span> <!----> <span class="product-grid-cell_unit">
    $1.02 / EA
  </span></div> <!----></div> <!----> <!----> <!----> <!----> <!----> <!----> <!----></div> <div class="mobile-product-list-cell_bottom"><div class="mobile-product-list-cell_bottom_cart-ui-wrapper"><!----> <!----> <div class="pdl-add-to-cart"><div class="pdl-add-to-cart_button"><button aria-label="Add to cart" data-product-id="118620" data-price="1.02" class="button button--add-to-cart">
      Add to cart
      <!----></button> <!----> <!----> <!----></div> <!----></div></div> <!----></div></div></div> <div class="product-tile_action-items"><!----> <!----> <div class="shopping-list-menu_container"><div class="relative-el"><button aria-label="add to shopping list" class="button pdl-product-detail_top-icon button--fourth pdl-product-detail_top-icon--borderless"><!----> <div class="vector-icon-size--large"><svg xmlns="http://www.w3.org/2000/svg" aria-label="Shopping List Icon Add" viewBox="0 0 32 32" role="presentation" aria-hidden="true" focusable="false" class="vector-icon-color--dark-grey"><title lang="en">Shopping List Icon Add</title><desc></desc><g fill="" stroke=""><g><path d="M21.94066,15.3368884 L21.94066,12.8931995 C21.94066,12.3409148 22.3883752,11.8931995 22.94066,11.8931995 C23.4929447,11.8931995 23.94066,12.3409148 23.94066,12.8931995 L23.94066,15.3368884 L26.2522624,15.3368884 C26.8045471,15.3368884 27.2522624,15.7846037 27.2522624,16.3368884 C27.2522624,16.8891732 26.8045471,17.3368884 26.2522624,17.3368884 L23.94066,17.3368884 L23.94066,19.8787952 C23.94066,20.43108 23.4929447,20.8787952 22.94066,20.8787952 C22.3883752,20.8787952 21.94066,20.43108 21.94066,19.8787952 L21.94066,17.3368884 L19.2666667,17.3368884 C18.7143819,17.3368884 18.2666667,16.8891732 18.2666667,16.3368884 C18.2666667,15.7846037 18.7143819,15.3368884 19.2666667,15.3368884 L21.94066,15.3368884 Z M8,12 C7.44771525,12 7,11.5522847 7,11 C7,10.4477153 7.44771525,10 8,10 L19.1153581,10 C19.6676429,10 20.1153581,10.4477153 20.1153581,11 C20.1153581,11.5522847 19.6676429,12 19.1153581,12 L8,12 Z M8,17.3368884 C7.44771525,17.3368884 7,16.8891732 7,16.3368884 C7,15.7846037 7.44771525,15.3368884 8,15.3368884 L14.7200696,15.3368884 C15.2723543,15.3368884 15.7200696,15.7846037 15.7200696,16.3368884 C15.7200696,16.8891732 15.2723543,17.3368884 14.7200696,17.3368884 L8,17.3368884 Z M8,23 C7.44771525,23 7,22.5522847 7,22 C7,21.4477153 7.44771525,21 8,21 L19.1153581,21 C19.6676429,21 20.1153581,21.4477153 20.1153581,22 C20.1153581,22.5522847 19.6676429,23 19.1153581,23 L8,23 Z" fill="#000000" fill-rule="nonzero"></path></g></g></svg></div> <div class="pdl-product-detail_list-tooltip"><p>Add item to shopping list</p> <em></em></div></button></div></div></div> <!----></li> <!----><!----> <!----> <!----> <!----> <li tabindex="-1" data-product-id="57872" class="slot mobile-product-list-cell"><!----> <!----> <!----> <!----> <div class="mobile-product-list-cell_content"><div><!----> <div class="flag_outer-container"><!----> <!----> <!----> <!----></div></div> <div class="mobile-product-list-cell_left"><div><!----> <img src="data:image/svg+xml;base64,PD94bWwgdmVyc2lvbj0iMS4wIiBlbmNvZGluZz0idXRmLTgiPz4KPCEtLSBHZW5lcmF0ZWQgYnkgSWNvTW9vbi5pbyAtLT4KPCFET0NUWVBFIHN2ZyBQVUJMSUMgIi0vL1czQy8vRFREIFNWRyAxLjEvL0VOIiAiaHR0cDovL3d3dy53My5vcmcvR3JhcGhpY3MvU1ZHLzEuMS9EVEQvc3ZnMTEuZHRkIj4KPHN2ZyB2ZXJzaW9uPSIxLjEiIHhtbG5zPSJodHRwOi8vd3d3LnczLm9yZy8yMDAwL3N2ZyIgeG1sbnM6eGxpbms9Imh0dHA6Ly93d3cudzMub3JnLzE5OTkveGxpbmsiIHdpZHRoPSI0OCIgaGVpZ2h0PSI0OCIgdmlld0JveD0iMCAwIDQ4IDQ4Ij4KPGcgaWQ9Imljb21vb24taWdub3JlIj4KCTxsaW5lIHN0cm9rZS13aWR0aD0iMSIgeDE9IiIgeTE9IiIgeDI9IiIgeTI9IiIgc3Ryb2tlPSIjNDQ5RkRCIiBvcGFjaXR5PSIiPjwvbGluZT4KPC9nPgoJPHBhdGggZD0iTTM4LjQ4IDkuMDcwYzAuMjQ4IDAgMC40NSAwLjIwMiAwLjQ1IDAuNDV2MjguOTU5YzAgMC4yNDgtMC4yMDIgMC40NS0wLjQ1IDAuNDVoLTI4Ljk1OWMtMC4yNDggMC0wLjQ1LTAuMjAyLTAuNDUtMC40NXYtMjguOTU5YzAtMC4yNDggMC4yMDItMC40NSAwLjQ1LTAuNDVoMjguOTU5ek0zOC40OCA4aC0yOC45NTljLTAuODQgMC0xLjUyIDAuNjgxLTEuNTIgMS41MjF2MjguOTU5YzAgMC44NCAwLjY4MSAxLjUyMSAxLjUyIDEuNTIxaDI4Ljk1OWMwLjg0IDAgMS41Mi0wLjY4MSAxLjUyLTEuNTIxdi0yOC45NTljMC0wLjg0LTAuNjgxLTEuNTIxLTEuNTItMS41MjF2MHoiIG9wYWNpdHk9IjEiIHZpc2liaWxpdHk9ImZhbHNlIiBmaWxsPSIjZDdkN2Q3Ij48L3BhdGg+Cgk8cGF0aCBkPSJNMTIuMjI4IDM1LjIyNHYtMy4zMjljMC0wLjE0NSAwLjA1OC0wLjI4NSAwLjE2LTAuMzg4bDUuNTg3LTUuNTg3YzAuMjE0LTAuMjE0IDAuNTYxLTAuMjE0IDAuNzc1IDBsMi4xMTkgMi4xMTljMC4yMTQgMC4yMTQgMC41NjEgMC4yMTQgMC43NzUgMGw4LjE5MS04LjE5MmMwLjIxNC0wLjIxNCAwLjU2MS0wLjIxNCAwLjc3NSAwbDUgNWMwLjEwMyAwLjEwMyAwLjE2IDAuMjQyIDAuMTYgMC4zODh2OS45ODhjMCAwLjMwMy0wLjI0NSAwLjU0OC0wLjU0OCAwLjU0OGgtMjIuNDQ3Yy0wLjMwMyAwLTAuNTQ4LTAuMjQ1LTAuNTQ4LTAuNTQ4eiIgb3BhY2l0eT0iMSIgdmlzaWJpbGl0eT0iZmFsc2UiIGZpbGw9IiNkN2Q3ZDciPjwvcGF0aD4KCTxwYXRoIGQ9Ik0yMS41NDQgMTcuOTY3YzAgMS45ODItMS42MDYgMy41ODgtMy41ODggMy41ODhzLTMuNTg4LTEuNjA2LTMuNTg4LTMuNTg4YzAtMS45ODEgMS42MDYtMy41ODggMy41ODgtMy41ODhzMy41ODggMS42MDYgMy41ODggMy41ODh6IiBvcGFjaXR5PSIxIiB2aXNpYmlsaXR5PSJmYWxzZSIgZmlsbD0iI2Q3ZDdkNyI+PC9wYXRoPgo8L3N2Zz4K" alt="Stop &amp; Shop White Eggs Grade A Large" skeleton-box-size="9rem" class="product-grid-image object-contain"></div></div> <div class="mobile-product-list-cell_info"><div class="product-tile_detail"><div class="skeleton-loader_wrapper cursor-pointer"><div class="product-grid-cell_price-container product-grid-cell_price-container--mobile"><span class="product-grid-cell_main-price"><!---->
    $4.99
  </span> <!----></div> <!----></div> <!----></div> <div class="mobile-product-list-cell_name-content"><div class="skeleton-loader_wrapper"><div class="product-grid-cell_name"><a id="product-name-57872-16761547343992601" href="#" data-opens-modal="true" aria-haspopup="dialog" class="product-grid-cell_name-text product-grid-cell_name-text--clamp-2"><span class="vector-icon_inline-text--left mr-0"><div class="vector-icon-size--xsmall"><svg xmlns="http://www.w3.org/2000/svg" aria-label="Ahold Icon" viewBox="0 0 1024 945" role="presentation" aria-hidden="true" focusable="false" class=""><title lang="en">Ahold Icon</title><desc></desc><g fill="" stroke=""><g><path d="M1.893 730.617c-1.289-2.094-2.052-4.631-2.052-7.346 0-.747.058-1.481.169-2.197.158-12.396 10.227-22.466 22.687-22.634h895.306c12.476.168 22.545 10.237 22.713 22.698-.521 3.721-1.182 6.924-2.024 10.053l.131-.574c-86.363 175.072-263.598 293.385-468.466 293.385S88.254 905.689 3.252 733.663l-1.361-3.046z" fill="#F7A800" class="path1"></path> <path d="M107.889 132.495c1.893-1.893 1.893-3.786 3.786-5.678 2.98-3.491 7.385-5.69 12.303-5.69s9.323 2.199 12.284 5.668l.019.022L613.264 603.8c3.491 2.98 5.69 7.385 5.69 12.303s-2.199 9.323-5.668 12.284c-1.399 1.869-3.361 3.216-5.631 3.789l-.069.015c-38.446 13.732-82.796 21.669-129.001 21.669-108.416 0-206.626-43.699-277.977-114.443C130.241 467.591 86.799 369.1 86.799 260.462c0-45.803 7.722-89.803 21.936-130.767l-.845 2.8z" fill="#E2231A" class="path2"></path> <path d="M600.015 1.893a6.922 6.922 0 0 1 5.713-1.889c.057-.006.164-.007.272-.007 7.15 0 12.947 5.796 12.947 12.947 0 .108-.001.215-.004.322v-.016 503.482c.002.091.004.199.004.306 0 7.15-5.796 12.947-12.947 12.947-.108 0-.215-.001-.322-.004a6.925 6.925 0 0 1-5.665-1.895l.002.002c-98.273-48.542-164.673-148.065-164.673-263.098S501.743 50.434 598.306 2.657l1.709-.765z" fill="#712177" class="path3"></path> <path d="M938.824 283.919c1.893 0 1.893 1.893 3.786 1.893 1.765 2.012 2.841 4.666 2.841 7.571s-1.077 5.559-2.853 7.584l.011-.013-268.776 266.884c-2.012 1.765-4.666 2.841-7.571 2.841s-5.559-1.077-7.584-2.853a3.774 3.774 0 0 1-1.877-3.793l-.002.019c-7.681-21.529-12.12-46.363-12.12-72.235 0-61.263 24.891-116.712 65.111-156.786 39.326-39.792 93.895-64.431 154.219-64.431 26.857 0 52.573 4.884 76.309 13.812l-1.494-.493z" fill="#82BC00" class="path4"></path></g></g></svg></div></span>
    Stop &amp; Shop White Eggs Grade A Large
  </a></div> <!----> <!----></div> <div class="skeleton-loader_wrapper"><div class="product-grid-cell_sizes"><span class="product-grid-cell_size">
    1 DOZ
  </span> <span aria-hidden="true">
    |
  </span> <!----> <span class="product-grid-cell_unit">
    $4.99 / DOZ
  </span></div> <!----></div> <!----> <!----> <!----> <!----> <!----> <!----> <!----></div> <div class="mobile-product-list-cell_bottom"><div class="mobile-product-list-cell_bottom_cart-ui-wrapper"><!----> <!----> <div class="pdl-add-to-cart"><div class="pdl-add-to-cart_button"><button aria-label="Add to cart" data-product-id="57872" data-price="4.99" class="button button--add-to-cart">
      Add to cart
      <!----></button> <!----> <!----> <!----></div> <!----></div></div> <!----></div></div></div> <div class="product-tile_action-items"><!----> <!----> <div class="shopping-list-menu_container"><div class="relative-el"><button aria-label="add to shopping list" class="button pdl-product-detail_top-icon button--fourth pdl-product-detail_top-icon--borderless"><!----> <div class="vector-icon-size--large"><svg xmlns="http://www.w3.org/2000/svg" aria-label="Shopping List Icon Add" viewBox="0 0 32 32" role="presentation" aria-hidden="true" focusable="false" class="vector-icon-color--dark-grey"><title lang="en">Shopping List Icon Add</title><desc></desc><g fill="" stroke=""><g><path d="M21.94066,15.3368884 L21.94066,12.8931995 C21.94066,12.3409148 22.3883752,11.8931995 22.94066,11.8931995 C23.4929447,11.8931995 23.94066,12.3409148 23.94066,12.8931995 L23.94066,15.3368884 L26.2522624,15.3368884 C26.8045471,15.3368884 27.2522624,15.7846037 27.2522624,16.3368884 C27.2522624,16.8891732 26.8045471,17.3368884 26.2522624,17.3368884 L23.94066,17.3368884 L23.94066,19.8787952 C23.94066,20.43108 23.4929447,20.8787952 22.94066,20.8787952 C22.3883752,20.8787952 21.94066,20.43108 21.94066,19.8787952 L21.94066,17.3368884 L19.2666667,17.3368884 C18.7143819,17.3368884 18.2666667,16.8891732 18.2666667,16.3368884 C18.2666667,15.7846037 18.7143819,15.3368884 19.2666667,15.3368884 L21.94066,15.3368884 Z M8,12 C7.44771525,12 7,11.5522847 7,11 C7,10.4477153 7.44771525,10 8,10 L19.1153581,10 C19.6676429,10 20.1153581,10.4477153 20.1153581,11 C20.1153581,11.5522847 19.6676429,12 19.1153581,12 L8,12 Z M8,17.3368884 C7.44771525,17.3368884 7,16.8891732 7,16.3368884 C7,15.7846037 7.44771525,15.3368884 8,15.3368884 L14.7200696,15.3368884 C15.2723543,15.3368884 15.7200696,15.7846037 15.7200696,16.3368884 C15.7200696,16.8891732 15.2723543,17.3368884 14.7200696,17.3368884 L8,17.3368884 Z M8,23 C7.44771525,23 7,22.5522847 7,22 C7,21.4477153 7.44771525,21 8,21 L19.1153581,21 C19.6676429,21 20.1153581,21.4477153 20.1153581,22 C20.1153581,22.5522847 19.6676429,23 19.1153581,23 L8,23 Z" fill="#000000" fill-rule="nonzero"></path></g></g></svg></div> <div class="pdl-product-detail_list-tooltip"><p>Add item to shopping list</p> <em></em></div></button></div></div></div> <!----></li> <!----><!----> <!----> <!----> <!----> <li tabindex="-1" data-product-id="1182" class="slot mobile-product-list-cell"><!----> <!----> <!----> <!----> <div class="mobile-product-list-cell_content"><div><!----> <div class="flag_outer-container"><!----> <!----> <!----> <!----></div></div> <div class="mobile-product-list-cell_left"><div><!----> <img src="data:image/svg+xml;base64,PD94bWwgdmVyc2lvbj0iMS4wIiBlbmNvZGluZz0idXRmLTgiPz4KPCEtLSBHZW5lcmF0ZWQgYnkgSWNvTW9vbi5pbyAtLT4KPCFET0NUWVBFIHN2ZyBQVUJMSUMgIi0vL1czQy8vRFREIFNWRyAxLjEvL0VOIiAiaHR0cDovL3d3dy53My5vcmcvR3JhcGhpY3MvU1ZHLzEuMS9EVEQvc3ZnMTEuZHRkIj4KPHN2ZyB2ZXJzaW9uPSIxLjEiIHhtbG5zPSJodHRwOi8vd3d3LnczLm9yZy8yMDAwL3N2ZyIgeG1sbnM6eGxpbms9Imh0dHA6Ly93d3cudzMub3JnLzE5OTkveGxpbmsiIHdpZHRoPSI0OCIgaGVpZ2h0PSI0OCIgdmlld0JveD0iMCAwIDQ4IDQ4Ij4KPGcgaWQ9Imljb21vb24taWdub3JlIj4KCTxsaW5lIHN0cm9rZS13aWR0aD0iMSIgeDE9IiIgeTE9IiIgeDI9IiIgeTI9IiIgc3Ryb2tlPSIjNDQ5RkRCIiBvcGFjaXR5PSIiPjwvbGluZT4KPC9nPgoJPHBhdGggZD0iTTM4LjQ4IDkuMDcwYzAuMjQ4IDAgMC40NSAwLjIwMiAwLjQ1IDAuNDV2MjguOTU5YzAgMC4yNDgtMC4yMDIgMC40NS0wLjQ1IDAuNDVoLTI4Ljk1OWMtMC4yNDggMC0wLjQ1LTAuMjAyLTAuNDUtMC40NXYtMjguOTU5YzAtMC4yNDggMC4yMDItMC40NSAwLjQ1LTAuNDVoMjguOTU5ek0zOC40OCA4aC0yOC45NTljLTAuODQgMC0xLjUyIDAuNjgxLTEuNTIgMS41MjF2MjguOTU5YzAgMC44NCAwLjY4MSAxLjUyMSAxLjUyIDEuNTIxaDI4Ljk1OWMwLjg0IDAgMS41Mi0wLjY4MSAxLjUyLTEuNTIxdi0yOC45NTljMC0wLjg0LTAuNjgxLTEuNTIxLTEuNTItMS41MjF2MHoiIG9wYWNpdHk9IjEiIHZpc2liaWxpdHk9ImZhbHNlIiBmaWxsPSIjZDdkN2Q3Ij48L3BhdGg+Cgk8cGF0aCBkPSJNMTIuMjI4IDM1LjIyNHYtMy4zMjljMC0wLjE0NSAwLjA1OC0wLjI4NSAwLjE2LTAuMzg4bDUuNTg3LTUuNTg3YzAuMjE0LTAuMjE0IDAuNTYxLTAuMjE0IDAuNzc1IDBsMi4xMTkgMi4xMTljMC4yMTQgMC4yMTQgMC41NjEgMC4yMTQgMC43NzUgMGw4LjE5MS04LjE5MmMwLjIxNC0wLjIxNCAwLjU2MS0wLjIxNCAwLjc3NSAwbDUgNWMwLjEwMyAwLjEwMyAwLjE2IDAuMjQyIDAuMTYgMC4zODh2OS45ODhjMCAwLjMwMy0wLjI0NSAwLjU0OC0wLjU0OCAwLjU0OGgtMjIuNDQ3Yy0wLjMwMyAwLTAuNTQ4LTAuMjQ1LTAuNTQ4LTAuNTQ4eiIgb3BhY2l0eT0iMSIgdmlzaWJpbGl0eT0iZmFsc2UiIGZpbGw9IiNkN2Q3ZDciPjwvcGF0aD4KCTxwYXRoIGQ9Ik0yMS41NDQgMTcuOTY3YzAgMS45ODItMS42MDYgMy41ODgtMy41ODggMy41ODhzLTMuNTg4LTEuNjA2LTMuNTg4LTMuNTg4YzAtMS45ODEgMS42MDYtMy41ODggMy41ODgtMy41ODhzMy41ODggMS42MDYgMy41ODggMy41ODh6IiBvcGFjaXR5PSIxIiB2aXNpYmlsaXR5PSJmYWxzZSIgZmlsbD0iI2Q3ZDdkNyI+PC9wYXRoPgo8L3N2Zz4K" alt="General Mills Cheerios Cereal Honey Nut Large Size Gluten Free" skeleton-box-size="9rem" class="product-grid-image object-contain"></div></div> <div class="mobile-product-list-cell_info"><div class="product-tile_detail"><div class="skeleton-loader_wrapper cursor-pointer"><div class="product-grid-cell_price-container product-grid-cell_price-container--mobile"><span class="product-grid-cell_main-price"><!---->
    $5.69
  </span> <!----></div> <!----></div> <!----></div> <div class="mobile-product-list-cell_name-content"><div class="skeleton-loader_wrapper"><div class="product-grid-cell_name"><a id="product-name-1182-16761547344016798" href="#" data-opens-modal="true" aria-haspopup="dialog" class="product-grid-cell_name-text product-grid-cell_name-text--clamp-2"><!---->
    General Mills Cheerios Cereal Honey Nut Large Size Gluten Free
  </a></div> <!----> <!----></div> <div class="skeleton-loader_wrapper"><div class="product-grid-cell_sizes"><span class="product-grid-cell_size">
    15.4 OZ BOX
  </span> <span aria-hidden="true">
    |
  </span> <!----> <span class="product-grid-cell_unit">
    $0.37 / OZ
  </span></div> <!----></div> <!----> <div id="coupon-link-1182-16761547344016798" tabindex="0" role="link" aria-label="Open coupon details" data-opens-modal="true" class="product-tile_coupon-offer product-tile_coupon-offer-clippable product-tile_coupon-offer--mobile multiple-lines" is-mobile="true"><div class="product-tile_coupon-offer-display"><div class="vector-icon-size--xsmall margin-right--half"><svg xmlns="http://www.w3.org/2000/svg" aria-label="PdlIconCouponScissor" viewBox="0 0 19 20" role="presentation" aria-hidden="true" focusable="false" class="vector-icon-stroke--coupon"><title lang="en">PdlIconCouponScissor</title><desc></desc><g fill="" stroke=""><path d="M9.622 9.622 6.444 6.444a3.19 3.19 0 1 1-4.51-4.51 3.19 3.19 0 0 1 4.51 4.51l3.178 3.178 7.688-7.688-7.688 7.688Zm0 0 7.688 7.688-7.688-7.688L6.444 12.8l3.178-3.178ZM1.934 12.8a3.19 3.19 0 1 1 4.51 4.51 3.19 3.19 0 0 1-4.51-4.51Z" stroke="#007DA3" stroke-width="2" fill="none" fill-rule="evenodd" stroke-linecap="round" stroke-linejoin="round"></path></g></svg></div> <div class="vector-icon_mobile-center"><!----></div> <div class="product-tile_coupon-offer-name flex-center product-tile_coupon-offer-name--full-tile text-left"><!---->
      SAVE $1.00 ON TWO
    </div></div> <!----> <div class="product-tile_coupon-offer-loading-coupon"><!----></div></div> <div role="link" tabindex="0" data-opens-modal="true" aria-haspopup="dialog" class="product-grid-cell_multiple-offers"><p>
    View All Item Offers
  </p></div> <!----> <!----> <!----> <!----></div> <div class="mobile-product-list-cell_bottom"><div class="mobile-product-list-cell_bottom_cart-ui-wrapper"><!----> <!----> <div class="pdl-add-to-cart pdl-add-to-cart_coupon"><div class="pdl-add-to-cart_button"><button aria-label="Add to cart" data-product-id="1182" data-price="5.69" class="button button--add-to-cart">
      Add to cart
      <!----></button> <!----> <!----> <!----></div> <!----></div></div> <!----></div></div></div> <div class="product-tile_action-items"><!----> <!----> <div class="shopping-list-menu_container"><div class="relative-el"><button aria-label="add to shopping list" class="button pdl-product-detail_top-icon button--fourth pdl-product-detail_top-icon--borderless"><!----> <div class="vector-icon-size--large"><svg xmlns="http://www.w3.org/2000/svg" aria-label="Shopping List Icon Add" viewBox="0 0 32 32" role="presentation" aria-hidden="true" focusable="false" class="vector-icon-color--dark-grey"><title lang="en">Shopping List Icon Add</title><desc></desc><g fill="" stroke=""><g><path d="M21.94066,15.3368884 L21.94066,12.8931995 C21.94066,12.3409148 22.3883752,11.8931995 22.94066,11.8931995 C23.4929447,11.8931995 23.94066,12.3409148 23.94066,12.8931995 L23.94066,15.3368884 L26.2522624,15.3368884 C26.8045471,15.3368884 27.2522624,15.7846037 27.2522624,16.3368884 C27.2522624,16.8891732 26.8045471,17.3368884 26.2522624,17.3368884 L23.94066,17.3368884 L23.94066,19.8787952 C23.94066,20.43108 23.4929447,20.8787952 22.94066,20.8787952 C22.3883752,20.8787952 21.94066,20.43108 21.94066,19.8787952 L21.94066,17.3368884 L19.2666667,17.3368884 C18.7143819,17.3368884 18.2666667,16.8891732 18.2666667,16.3368884 C18.2666667,15.7846037 18.7143819,15.3368884 19.2666667,15.3368884 L21.94066,15.3368884 Z M8,12 C7.44771525,12 7,11.5522847 7,11 C7,10.4477153 7.44771525,10 8,10 L19.1153581,10 C19.6676429,10 20.1153581,10.4477153 20.1153581,11 C20.1153581,11.5522847 19.6676429,12 19.1153581,12 L8,12 Z M8,17.3368884 C7.44771525,17.3368884 7,16.8891732 7,16.3368884 C7,15.7846037 7.44771525,15.3368884 8,15.3368884 L14.7200696,15.3368884 C15.2723543,15.3368884 15.7200696,15.7846037 15.7200696,16.3368884 C15.7200696,16.8891732 15.2723543,17.3368884 14.7200696,17.3368884 L8,17.3368884 Z M8,23 C7.44771525,23 7,22.5522847 7,22 C7,21.4477153 7.44771525,21 8,21 L19.1153581,21 C19.6676429,21 20.1153581,21.4477153 20.1153581,22 C20.1153581,22.5522847 19.6676429,23 19.1153581,23 L8,23 Z" fill="#000000" fill-rule="nonzero"></path></g></g></svg></div> <div class="pdl-product-detail_list-tooltip"><p>Add item to shopping list</p> <em></em></div></button></div></div></div> <!----></li> <!----><!----> <!----> <!----> <!----> <li tabindex="-1" data-product-id="117893" class="slot mobile-product-list-cell"><!----> <!----> <!----> <!----> <div class="mobile-product-list-cell_content"><div><!----> <div class="flag_outer-container"><!----> <!----> <!----> <!----></div></div> <div class="mobile-product-list-cell_left"><div><!----> <img src="data:image/svg+xml;base64,PD94bWwgdmVyc2lvbj0iMS4wIiBlbmNvZGluZz0idXRmLTgiPz4KPCEtLSBHZW5lcmF0ZWQgYnkgSWNvTW9vbi5pbyAtLT4KPCFET0NUWVBFIHN2ZyBQVUJMSUMgIi0vL1czQy8vRFREIFNWRyAxLjEvL0VOIiAiaHR0cDovL3d3dy53My5vcmcvR3JhcGhpY3MvU1ZHLzEuMS9EVEQvc3ZnMTEuZHRkIj4KPHN2ZyB2ZXJzaW9uPSIxLjEiIHhtbG5zPSJodHRwOi8vd3d3LnczLm9yZy8yMDAwL3N2ZyIgeG1sbnM6eGxpbms9Imh0dHA6Ly93d3cudzMub3JnLzE5OTkveGxpbmsiIHdpZHRoPSI0OCIgaGVpZ2h0PSI0OCIgdmlld0JveD0iMCAwIDQ4IDQ4Ij4KPGcgaWQ9Imljb21vb24taWdub3JlIj4KCTxsaW5lIHN0cm9rZS13aWR0aD0iMSIgeDE9IiIgeTE9IiIgeDI9IiIgeTI9IiIgc3Ryb2tlPSIjNDQ5RkRCIiBvcGFjaXR5PSIiPjwvbGluZT4KPC9nPgoJPHBhdGggZD0iTTM4LjQ4IDkuMDcwYzAuMjQ4IDAgMC40NSAwLjIwMiAwLjQ1IDAuNDV2MjguOTU5YzAgMC4yNDgtMC4yMDIgMC40NS0wLjQ1IDAuNDVoLTI4Ljk1OWMtMC4yNDggMC0wLjQ1LTAuMjAyLTAuNDUtMC40NXYtMjguOTU5YzAtMC4yNDggMC4yMDItMC40NSAwLjQ1LTAuNDVoMjguOTU5ek0zOC40OCA4aC0yOC45NTljLTAuODQgMC0xLjUyIDAuNjgxLTEuNTIgMS41MjF2MjguOTU5YzAgMC44NCAwLjY4MSAxLjUyMSAxLjUyIDEuNTIxaDI4Ljk1OWMwLjg0IDAgMS41Mi0wLjY4MSAxLjUyLTEuNTIxdi0yOC45NTljMC0wLjg0LTAuNjgxLTEuNTIxLTEuNTItMS41MjF2MHoiIG9wYWNpdHk9IjEiIHZpc2liaWxpdHk9ImZhbHNlIiBmaWxsPSIjZDdkN2Q3Ij48L3BhdGg+Cgk8cGF0aCBkPSJNMTIuMjI4IDM1LjIyNHYtMy4zMjljMC0wLjE0NSAwLjA1OC0wLjI4NSAwLjE2LTAuMzg4bDUuNTg3LTUuNTg3YzAuMjE0LTAuMjE0IDAuNTYxLTAuMjE0IDAuNzc1IDBsMi4xMTkgMi4xMTljMC4yMTQgMC4yMTQgMC41NjEgMC4yMTQgMC43NzUgMGw4LjE5MS04LjE5MmMwLjIxNC0wLjIxNCAwLjU2MS0wLjIxNCAwLjc3NSAwbDUgNWMwLjEwMyAwLjEwMyAwLjE2IDAuMjQyIDAuMTYgMC4zODh2OS45ODhjMCAwLjMwMy0wLjI0NSAwLjU0OC0wLjU0OCAwLjU0OGgtMjIuNDQ3Yy0wLjMwMyAwLTAuNTQ4LTAuMjQ1LTAuNTQ4LTAuNTQ4eiIgb3BhY2l0eT0iMSIgdmlzaWJpbGl0eT0iZmFsc2UiIGZpbGw9IiNkN2Q3ZDciPjwvcGF0aD4KCTxwYXRoIGQ9Ik0yMS41NDQgMTcuOTY3YzAgMS45ODItMS42MDYgMy41ODgtMy41ODggMy41ODhzLTMuNTg4LTEuNjA2LTMuNTg4LTMuNTg4YzAtMS45ODEgMS42MDYtMy41ODggMy41ODgtMy41ODhzMy41ODggMS42MDYgMy41ODggMy41ODh6IiBvcGFjaXR5PSIxIiB2aXNpYmlsaXR5PSJmYWxzZSIgZmlsbD0iI2Q3ZDdkNyI+PC9wYXRoPgo8L3N2Zz4K" alt="Stop &amp; Shop Hamburger Rolls - 8 ct" skeleton-box-size="9rem" class="product-grid-image object-contain"></div></div> <div class="mobile-product-list-cell_info"><div class="product-tile_detail"><div class="skeleton-loader_wrapper cursor-pointer"><div class="product-grid-cell_price-container product-grid-cell_price-container--mobile"><span class="product-grid-cell_main-price"><!---->
    $2.50
  </span> <!----></div> <!----></div> <!----></div> <div class="mobile-product-list-cell_name-content"><div class="skeleton-loader_wrapper"><div class="product-grid-cell_name"><a id="product-name-117893-16761547344053765" href="#" data-opens-modal="true" aria-haspopup="dialog" class="product-grid-cell_name-text product-grid-cell_name-text--clamp-2"><span class="vector-icon_inline-text--left mr-0"><div class="vector-icon-size--xsmall"><svg xmlns="http://www.w3.org/2000/svg" aria-label="Ahold Icon" viewBox="0 0 1024 945" role="presentation" aria-hidden="true" focusable="false" class=""><title lang="en">Ahold Icon</title><desc></desc><g fill="" stroke=""><g><path d="M1.893 730.617c-1.289-2.094-2.052-4.631-2.052-7.346 0-.747.058-1.481.169-2.197.158-12.396 10.227-22.466 22.687-22.634h895.306c12.476.168 22.545 10.237 22.713 22.698-.521 3.721-1.182 6.924-2.024 10.053l.131-.574c-86.363 175.072-263.598 293.385-468.466 293.385S88.254 905.689 3.252 733.663l-1.361-3.046z" fill="#F7A800" class="path1"></path> <path d="M107.889 132.495c1.893-1.893 1.893-3.786 3.786-5.678 2.98-3.491 7.385-5.69 12.303-5.69s9.323 2.199 12.284 5.668l.019.022L613.264 603.8c3.491 2.98 5.69 7.385 5.69 12.303s-2.199 9.323-5.668 12.284c-1.399 1.869-3.361 3.216-5.631 3.789l-.069.015c-38.446 13.732-82.796 21.669-129.001 21.669-108.416 0-206.626-43.699-277.977-114.443C130.241 467.591 86.799 369.1 86.799 260.462c0-45.803 7.722-89.803 21.936-130.767l-.845 2.8z" fill="#E2231A" class="path2"></path> <path d="M600.015 1.893a6.922 6.922 0 0 1 5.713-1.889c.057-.006.164-.007.272-.007 7.15 0 12.947 5.796 12.947 12.947 0 .108-.001.215-.004.322v-.016 503.482c.002.091.004.199.004.306 0 7.15-5.796 12.947-12.947 12.947-.108 0-.215-.001-.322-.004a6.925 6.925 0 0 1-5.665-1.895l.002.002c-98.273-48.542-164.673-148.065-164.673-263.098S501.743 50.434 598.306 2.657l1.709-.765z" fill="#712177" class="path3"></path> <path d="M938.824 283.919c1.893 0 1.893 1.893 3.786 1.893 1.765 2.012 2.841 4.666 2.841 7.571s-1.077 5.559-2.853 7.584l.011-.013-268.776 266.884c-2.012 1.765-4.666 2.841-7.571 2.841s-5.559-1.077-7.584-2.853a3.774 3.774 0 0 1-1.877-3.793l-.002.019c-7.681-21.529-12.12-46.363-12.12-72.235 0-61.263 24.891-116.712 65.111-156.786 39.326-39.792 93.895-64.431 154.219-64.431 26.857 0 52.573 4.884 76.309 13.812l-1.494-.493z" fill="#82BC00" class="path4"></path></g></g></svg></div></span>
    Stop &amp; Shop Hamburger Rolls - 8 ct
  </a></div> <!----> <!----></div> <div class="skeleton-loader_wrapper"><div class="product-grid-cell_sizes"><span class="product-grid-cell_size">
    12 OZ PKG
  </span> <span aria-hidden="true">
    |
  </span> <!----> <span class="product-grid-cell_unit">
    $0.21 / OZ
  </span></div> <!----></div> <!----> <!----> <!----> <!----> <!----> <!----> <!----></div> <div class="mobile-product-list-cell_bottom"><div class="mobile-product-list-cell_bottom_cart-ui-wrapper"><!----> <!----> <div class="pdl-add-to-cart"><div class="pdl-add-to-cart_button"><button aria-label="Add to cart" data-product-id="117893" data-price="2.5" class="button button--add-to-cart">
      Add to cart
      <!----></button> <!----> <!----> <!----></div> <!----></div></div> <!----></div></div></div> <div class="product-tile_action-items"><!----> <!----> <div class="shopping-list-menu_container"><div class="relative-el"><button aria-label="add to shopping list" class="button pdl-product-detail_top-icon button--fourth pdl-product-detail_top-icon--borderless"><!----> <div class="vector-icon-size--large"><svg xmlns="http://www.w3.org/2000/svg" aria-label="Shopping List Icon Add" viewBox="0 0 32 32" role="presentation" aria-hidden="true" focusable="false" class="vector-icon-color--dark-grey"><title lang="en">Shopping List Icon Add</title><desc></desc><g fill="" stroke=""><g><path d="M21.94066,15.3368884 L21.94066,12.8931995 C21.94066,12.3409148 22.3883752,11.8931995 22.94066,11.8931995 C23.4929447,11.8931995 23.94066,12.3409148 23.94066,12.8931995 L23.94066,15.3368884 L26.2522624,15.3368884 C26.8045471,15.3368884 27.2522624,15.7846037 27.2522624,16.3368884 C27.2522624,16.8891732 26.8045471,17.3368884 26.2522624,17.3368884 L23.94066,17.3368884 L23.94066,19.8787952 C23.94066,20.43108 23.4929447,20.8787952 22.94066,20.8787952 C22.3883752,20.8787952 21.94066,20.43108 21.94066,19.8787952 L21.94066,17.3368884 L19.2666667,17.3368884 C18.7143819,17.3368884 18.2666667,16.8891732 18.2666667,16.3368884 C18.2666667,15.7846037 18.7143819,15.3368884 19.2666667,15.3368884 L21.94066,15.3368884 Z M8,12 C7.44771525,12 7,11.5522847 7,11 C7,10.4477153 7.44771525,10 8,10 L19.1153581,10 C19.6676429,10 20.1153581,10.4477153 20.1153581,11 C20.1153581,11.5522847 19.6676429,12 19.1153581,12 L8,12 Z M8,17.3368884 C7.44771525,17.3368884 7,16.8891732 7,16.3368884 C7,15.7846037 7.44771525,15.3368884 8,15.3368884 L14.7200696,15.3368884 C15.2723543,15.3368884 15.7200696,15.7846037 15.7200696,16.3368884 C15.7200696,16.8891732 15.2723543,17.3368884 14.7200696,17.3368884 L8,17.3368884 Z M8,23 C7.44771525,23 7,22.5522847 7,22 C7,21.4477153 7.44771525,21 8,21 L19.1153581,21 C19.6676429,21 20.1153581,21.4477153 20.1153581,22 C20.1153581,22.5522847 19.6676429,23 19.1153581,23 L8,23 Z" fill="#000000" fill-rule="nonzero"></path></g></g></svg></div> <div class="pdl-product-detail_list-tooltip"><p>Add item to shopping list</p> <em></em></div></button></div></div></div> <!----></li> <!----><!----> <!----> <!----> <!----> <li tabindex="-1" data-product-id="6751" class="slot mobile-product-list-cell"><!----> <!----> <!----> <!----> <div class="mobile-product-list-cell_content"><div><!----> <div class="flag_outer-container"><div class=""><svg xmlns="http://www.w3.org/2000/svg" aria-label="Sale" viewBox="0 0 32 32" role="presentation" aria-hidden="true" focusable="false" class="w-20 ml-3"><title lang="en">Sale</title><desc></desc><g fill="" stroke=""><g><path d="M16.56 19.87a3.81 3.81 0 0 1-1-.13l-13.39-3.5a1.5 1.5 0 0 1-1.12-1.34l-.81-11a1.52 1.52 0 0 1 1.39-1.61l27.69-2h.11a1.51 1.51 0 0 1 1.5 1.4l.82 11a1.52 1.52 0 0 1-.91 1.5l-12.72 5.36a3.79 3.79 0 0 1-1.56.32Z" fill="#ed1256"></path><path fill="#fff" d="M29.43.48a1.26 1.26 0 0 1 1.26 1.17l.82 11a1.27 1.27 0 0 1-.76 1.26L18 19.34a3.72 3.72 0 0 1-1.47.3 3.79 3.79 0 0 1-.94-.12L2.24 16a1.27 1.27 0 0 1-1-1.13l-.81-11a1.26 1.26 0 0 1 1.22-1.33L29.34.48h.09m0-.48h-.13L1.62 2A1.76 1.76 0 0 0 0 3.92l.82 11a1.73 1.73 0 0 0 1.3 1.55L15.5 20a4.3 4.3 0 0 0 1.07.14 4.24 4.24 0 0 0 1.65-.34l12.72-5.44A1.76 1.76 0 0 0 32 12.59l-.82-11A1.76 1.76 0 0 0 29.43 0Z"></path><path fill="#fff" d="M3.74 9.87a3 3 0 0 0 .82.55 2.21 2.21 0 0 0 1.08.19 1.6 1.6 0 0 0 .29 0 1 1 0 0 0 .26-.12.58.58 0 0 0 .18-.2.62.62 0 0 0 0-.31.59.59 0 0 0-.32-.49 3.38 3.38 0 0 0-.85-.34L4.84 9a4.19 4.19 0 0 1-.69-.26 2.44 2.44 0 0 1-.63-.41 1.92 1.92 0 0 1-.7-1.42 2.68 2.68 0 0 1 .1-1A2.2 2.2 0 0 1 3.39 5a2.42 2.42 0 0 1 .82-.6 3.15 3.15 0 0 1 1.17-.28 3.68 3.68 0 0 1 1.72.24 3 3 0 0 1 .57.29A2.66 2.66 0 0 1 8 5l-.82 1.37a4.42 4.42 0 0 0-.82-.45 2 2 0 0 0-.85-.13 1.4 1.4 0 0 0-.28.06A.9.9 0 0 0 5 6a.62.62 0 0 0-.16.2.5.5 0 0 0 0 .28.6.6 0 0 0 .1.31.68.68 0 0 0 .24.2 1.27 1.27 0 0 0 .35.15l.43.13.35.09a7.49 7.49 0 0 1 .69.22 2.2 2.2 0 0 1 .72.42 2.46 2.46 0 0 1 .54.68 2.31 2.31 0 0 1 .27 1 2.15 2.15 0 0 1-.15 1 2.53 2.53 0 0 1-.56.84 2.77 2.77 0 0 1-.88.59 4 4 0 0 1-1.11.27A4.67 4.67 0 0 1 4 12.25a3.79 3.79 0 0 1-1.28-.75ZM11.29 3.89l2.17-.16 3.1 7.7-2 .15L14 10l-2.39.18-.35 1.67-2 .14Zm2.15 4.6-1-2.84-.61 2.95ZM17 3.47l1.89-.14.44 6 3.3-.25.16 1.92-5.19.39ZM23.36 3l5.13-.38.13 1.8-3.24.24.09 1.22 2.66-.2.12 1.7-2.65.2.09 1.35 3.46-.26.13 1.81-5.34.4Z"></path></g></g></svg></div> <!----> <!----> <!----></div></div> <div class="mobile-product-list-cell_left"><div><!----> <img src="data:image/svg+xml;base64,PD94bWwgdmVyc2lvbj0iMS4wIiBlbmNvZGluZz0idXRmLTgiPz4KPCEtLSBHZW5lcmF0ZWQgYnkgSWNvTW9vbi5pbyAtLT4KPCFET0NUWVBFIHN2ZyBQVUJMSUMgIi0vL1czQy8vRFREIFNWRyAxLjEvL0VOIiAiaHR0cDovL3d3dy53My5vcmcvR3JhcGhpY3MvU1ZHLzEuMS9EVEQvc3ZnMTEuZHRkIj4KPHN2ZyB2ZXJzaW9uPSIxLjEiIHhtbG5zPSJodHRwOi8vd3d3LnczLm9yZy8yMDAwL3N2ZyIgeG1sbnM6eGxpbms9Imh0dHA6Ly93d3cudzMub3JnLzE5OTkveGxpbmsiIHdpZHRoPSI0OCIgaGVpZ2h0PSI0OCIgdmlld0JveD0iMCAwIDQ4IDQ4Ij4KPGcgaWQ9Imljb21vb24taWdub3JlIj4KCTxsaW5lIHN0cm9rZS13aWR0aD0iMSIgeDE9IiIgeTE9IiIgeDI9IiIgeTI9IiIgc3Ryb2tlPSIjNDQ5RkRCIiBvcGFjaXR5PSIiPjwvbGluZT4KPC9nPgoJPHBhdGggZD0iTTM4LjQ4IDkuMDcwYzAuMjQ4IDAgMC40NSAwLjIwMiAwLjQ1IDAuNDV2MjguOTU5YzAgMC4yNDgtMC4yMDIgMC40NS0wLjQ1IDAuNDVoLTI4Ljk1OWMtMC4yNDggMC0wLjQ1LTAuMjAyLTAuNDUtMC40NXYtMjguOTU5YzAtMC4yNDggMC4yMDItMC40NSAwLjQ1LTAuNDVoMjguOTU5ek0zOC40OCA4aC0yOC45NTljLTAuODQgMC0xLjUyIDAuNjgxLTEuNTIgMS41MjF2MjguOTU5YzAgMC44NCAwLjY4MSAxLjUyMSAxLjUyIDEuNTIxaDI4Ljk1OWMwLjg0IDAgMS41Mi0wLjY4MSAxLjUyLTEuNTIxdi0yOC45NTljMC0wLjg0LTAuNjgxLTEuNTIxLTEuNTItMS41MjF2MHoiIG9wYWNpdHk9IjEiIHZpc2liaWxpdHk9ImZhbHNlIiBmaWxsPSIjZDdkN2Q3Ij48L3BhdGg+Cgk8cGF0aCBkPSJNMTIuMjI4IDM1LjIyNHYtMy4zMjljMC0wLjE0NSAwLjA1OC0wLjI4NSAwLjE2LTAuMzg4bDUuNTg3LTUuNTg3YzAuMjE0LTAuMjE0IDAuNTYxLTAuMjE0IDAuNzc1IDBsMi4xMTkgMi4xMTljMC4yMTQgMC4yMTQgMC41NjEgMC4yMTQgMC43NzUgMGw4LjE5MS04LjE5MmMwLjIxNC0wLjIxNCAwLjU2MS0wLjIxNCAwLjc3NSAwbDUgNWMwLjEwMyAwLjEwMyAwLjE2IDAuMjQyIDAuMTYgMC4zODh2OS45ODhjMCAwLjMwMy0wLjI0NSAwLjU0OC0wLjU0OCAwLjU0OGgtMjIuNDQ3Yy0wLjMwMyAwLTAuNTQ4LTAuMjQ1LTAuNTQ4LTAuNTQ4eiIgb3BhY2l0eT0iMSIgdmlzaWJpbGl0eT0iZmFsc2UiIGZpbGw9IiNkN2Q3ZDciPjwvcGF0aD4KCTxwYXRoIGQ9Ik0yMS41NDQgMTcuOTY3YzAgMS45ODItMS42MDYgMy41ODgtMy41ODggMy41ODhzLTMuNTg4LTEuNjA2LTMuNTg4LTMuNTg4YzAtMS45ODEgMS42MDYtMy41ODggMy41ODgtMy41ODhzMy41ODggMS42MDYgMy41ODggMy41ODh6IiBvcGFjaXR5PSIxIiB2aXNpYmlsaXR5PSJmYWxzZSIgZmlsbD0iI2Q3ZDdkNyI+PC9wYXRoPgo8L3N2Zz4K" alt="Skippy Peanut Butter Creamy" skeleton-box-size="9rem" class="product-grid-image object-contain"></div></div> <div class="mobile-product-list-cell_info"><div class="product-tile_detail"><div class="skeleton-loader_wrapper cursor-pointer"><div class="product-grid-cell_price-container product-grid-cell_price-container_column product-grid-cell_price-container--mobile"><span class="product-grid-cell_main-price product-grid-cell_main-price--on-sale"><span class="sr-only">
      Sale Price
    </span>
    $2.50
  </span> <div class="product-grid-cell_was-container"><span class="product-grid-cell_regular-price product-grid-cell_regular-price--small"><span class="sr-only">
        Original Price
      </span>
      $3.29
    </span></div></div> <!----></div> <!----></div> <div class="mobile-product-list-cell_name-content"><div class="skeleton-loader_wrapper"><div class="product-grid-cell_name"><a id="product-name-6751-16761547344101055" href="#" data-opens-modal="true" aria-haspopup="dialog" class="product-grid-cell_name-text product-grid-cell_name-text--clamp-2"><!---->
    Skippy Peanut Butter Creamy
  </a></div> <!----> <!----></div> <div class="skeleton-loader_wrapper"><div class="product-grid-cell_sizes"><span class="product-grid-cell_size">
    16.3 OZ JAR
  </span> <span aria-hidden="true">
    |
  </span> <!----> <span class="product-grid-cell_unit">
    $0.15 / OZ
  </span></div> <!----></div> <!----> <!----> <!----> <!----> <!----> <!----> <!----></div> <div class="mobile-product-list-cell_bottom"><div class="mobile-product-list-cell_bottom_cart-ui-wrapper"><!----> <!----> <div class="pdl-add-to-cart"><div class="pdl-add-to-cart_button"><button aria-label="Add to cart" data-product-id="6751" data-price="2.5" class="button button--add-to-cart add-sale">
      Add to cart
      <!----></button> <!----> <!----> <!----></div> <!----></div></div> <!----></div></div></div> <div class="product-tile_action-items"><!----> <!----> <div class="shopping-list-menu_container"><div class="relative-el"><button aria-label="add to shopping list" class="button pdl-product-detail_top-icon button--fourth pdl-product-detail_top-icon--borderless"><!----> <div class="vector-icon-size--large"><svg xmlns="http://www.w3.org/2000/svg" aria-label="Shopping List Icon Add" viewBox="0 0 32 32" role="presentation" aria-hidden="true" focusable="false" class="vector-icon-color--dark-grey"><title lang="en">Shopping List Icon Add</title><desc></desc><g fill="" stroke=""><g><path d="M21.94066,15.3368884 L21.94066,12.8931995 C21.94066,12.3409148 22.3883752,11.8931995 22.94066,11.8931995 C23.4929447,11.8931995 23.94066,12.3409148 23.94066,12.8931995 L23.94066,15.3368884 L26.2522624,15.3368884 C26.8045471,15.3368884 27.2522624,15.7846037 27.2522624,16.3368884 C27.2522624,16.8891732 26.8045471,17.3368884 26.2522624,17.3368884 L23.94066,17.3368884 L23.94066,19.8787952 C23.94066,20.43108 23.4929447,20.8787952 22.94066,20.8787952 C22.3883752,20.8787952 21.94066,20.43108 21.94066,19.8787952 L21.94066,17.3368884 L19.2666667,17.3368884 C18.7143819,17.3368884 18.2666667,16.8891732 18.2666667,16.3368884 C18.2666667,15.7846037 18.7143819,15.3368884 19.2666667,15.3368884 L21.94066,15.3368884 Z M8,12 C7.44771525,12 7,11.5522847 7,11 C7,10.4477153 7.44771525,10 8,10 L19.1153581,10 C19.6676429,10 20.1153581,10.4477153 20.1153581,11 C20.1153581,11.5522847 19.6676429,12 19.1153581,12 L8,12 Z M8,17.3368884 C7.44771525,17.3368884 7,16.8891732 7,16.3368884 C7,15.7846037 7.44771525,15.3368884 8,15.3368884 L14.7200696,15.3368884 C15.2723543,15.3368884 15.7200696,15.7846037 15.7200696,16.3368884 C15.7200696,16.8891732 15.2723543,17.3368884 14.7200696,17.3368884 L8,17.3368884 Z M8,23 C7.44771525,23 7,22.5522847 7,22 C7,21.4477153 7.44771525,21 8,21 L19.1153581,21 C19.6676429,21 20.1153581,21.4477153 20.1153581,22 C20.1153581,22.5522847 19.6676429,23 19.1153581,23 L8,23 Z" fill="#000000" fill-rule="nonzero"></path></g></g></svg></div> <div class="pdl-product-detail_list-tooltip"><p>Add item to shopping list</p> <em></em></div></button></div></div></div> <!----></li> <!----><!----> <!----> <!----> <!----> <li tabindex="-1" data-product-id="162912" class="slot mobile-product-list-cell"><!----> <!----> <!----> <!----> <div class="mobile-product-list-cell_content"><div><!----> <div class="flag_outer-container"><!----> <!----> <!----> <!----></div></div> <div class="mobile-product-list-cell_left"><div><!----> <img src="data:image/svg+xml;base64,PD94bWwgdmVyc2lvbj0iMS4wIiBlbmNvZGluZz0idXRmLTgiPz4KPCEtLSBHZW5lcmF0ZWQgYnkgSWNvTW9vbi5pbyAtLT4KPCFET0NUWVBFIHN2ZyBQVUJMSUMgIi0vL1czQy8vRFREIFNWRyAxLjEvL0VOIiAiaHR0cDovL3d3dy53My5vcmcvR3JhcGhpY3MvU1ZHLzEuMS9EVEQvc3ZnMTEuZHRkIj4KPHN2ZyB2ZXJzaW9uPSIxLjEiIHhtbG5zPSJodHRwOi8vd3d3LnczLm9yZy8yMDAwL3N2ZyIgeG1sbnM6eGxpbms9Imh0dHA6Ly93d3cudzMub3JnLzE5OTkveGxpbmsiIHdpZHRoPSI0OCIgaGVpZ2h0PSI0OCIgdmlld0JveD0iMCAwIDQ4IDQ4Ij4KPGcgaWQ9Imljb21vb24taWdub3JlIj4KCTxsaW5lIHN0cm9rZS13aWR0aD0iMSIgeDE9IiIgeTE9IiIgeDI9IiIgeTI9IiIgc3Ryb2tlPSIjNDQ5RkRCIiBvcGFjaXR5PSIiPjwvbGluZT4KPC9nPgoJPHBhdGggZD0iTTM4LjQ4IDkuMDcwYzAuMjQ4IDAgMC40NSAwLjIwMiAwLjQ1IDAuNDV2MjguOTU5YzAgMC4yNDgtMC4yMDIgMC40NS0wLjQ1IDAuNDVoLTI4Ljk1OWMtMC4yNDggMC0wLjQ1LTAuMjAyLTAuNDUtMC40NXYtMjguOTU5YzAtMC4yNDggMC4yMDItMC40NSAwLjQ1LTAuNDVoMjguOTU5ek0zOC40OCA4aC0yOC45NTljLTAuODQgMC0xLjUyIDAuNjgxLTEuNTIgMS41MjF2MjguOTU5YzAgMC44NCAwLjY4MSAxLjUyMSAxLjUyIDEuNTIxaDI4Ljk1OWMwLjg0IDAgMS41Mi0wLjY4MSAxLjUyLTEuNTIxdi0yOC45NTljMC0wLjg0LTAuNjgxLTEuNTIxLTEuNTItMS41MjF2MHoiIG9wYWNpdHk9IjEiIHZpc2liaWxpdHk9ImZhbHNlIiBmaWxsPSIjZDdkN2Q3Ij48L3BhdGg+Cgk8cGF0aCBkPSJNMTIuMjI4IDM1LjIyNHYtMy4zMjljMC0wLjE0NSAwLjA1OC0wLjI4NSAwLjE2LTAuMzg4bDUuNTg3LTUuNTg3YzAuMjE0LTAuMjE0IDAuNTYxLTAuMjE0IDAuNzc1IDBsMi4xMTkgMi4xMTljMC4yMTQgMC4yMTQgMC41NjEgMC4yMTQgMC43NzUgMGw4LjE5MS04LjE5MmMwLjIxNC0wLjIxNCAwLjU2MS0wLjIxNCAwLjc3NSAwbDUgNWMwLjEwMyAwLjEwMyAwLjE2IDAuMjQyIDAuMTYgMC4zODh2OS45ODhjMCAwLjMwMy0wLjI0NSAwLjU0OC0wLjU0OCAwLjU0OGgtMjIuNDQ3Yy0wLjMwMyAwLTAuNTQ4LTAuMjQ1LTAuNTQ4LTAuNTQ4eiIgb3BhY2l0eT0iMSIgdmlzaWJpbGl0eT0iZmFsc2UiIGZpbGw9IiNkN2Q3ZDciPjwvcGF0aD4KCTxwYXRoIGQ9Ik0yMS41NDQgMTcuOTY3YzAgMS45ODItMS42MDYgMy41ODgtMy41ODggMy41ODhzLTMuNTg4LTEuNjA2LTMuNTg4LTMuNTg4YzAtMS45ODEgMS42MDYtMy41ODggMy41ODgtMy41ODhzMy41ODggMS42MDYgMy41ODggMy41ODh6IiBvcGFjaXR5PSIxIiB2aXNpYmlsaXR5PSJmYWxzZSIgZmlsbD0iI2Q3ZDdkNyI+PC9wYXRoPgo8L3N2Zz4K" alt="Stop &amp; Shop Bakery Kaiser Rolls Plain (Single)" skeleton-box-size="9rem" class="product-grid-image object-contain"></div></div> <div class="mobile-product-list-cell_info"><div class="product-tile_detail"><div class="skeleton-loader_wrapper cursor-pointer"><div class="product-grid-cell_price-container product-grid-cell_price-container--mobile"><span class="product-grid-cell_main-price"><!---->
    $0.99
  </span> <!----></div> <!----></div> <!----></div> <div class="mobile-product-list-cell_name-content"><div class="skeleton-loader_wrapper"><div class="product-grid-cell_name"><a id="product-name-162912-16761547344148969" href="#" data-opens-modal="true" aria-haspopup="dialog" class="product-grid-cell_name-text product-grid-cell_name-text--clamp-2"><span class="vector-icon_inline-text--left mr-0"><div class="vector-icon-size--xsmall"><svg xmlns="http://www.w3.org/2000/svg" aria-label="Ahold Icon" viewBox="0 0 1024 945" role="presentation" aria-hidden="true" focusable="false" class=""><title lang="en">Ahold Icon</title><desc></desc><g fill="" stroke=""><g><path d="M1.893 730.617c-1.289-2.094-2.052-4.631-2.052-7.346 0-.747.058-1.481.169-2.197.158-12.396 10.227-22.466 22.687-22.634h895.306c12.476.168 22.545 10.237 22.713 22.698-.521 3.721-1.182 6.924-2.024 10.053l.131-.574c-86.363 175.072-263.598 293.385-468.466 293.385S88.254 905.689 3.252 733.663l-1.361-3.046z" fill="#F7A800" class="path1"></path> <path d="M107.889 132.495c1.893-1.893 1.893-3.786 3.786-5.678 2.98-3.491 7.385-5.69 12.303-5.69s9.323 2.199 12.284 5.668l.019.022L613.264 603.8c3.491 2.98 5.69 7.385 5.69 12.303s-2.199 9.323-5.668 12.284c-1.399 1.869-3.361 3.216-5.631 3.789l-.069.015c-38.446 13.732-82.796 21.669-129.001 21.669-108.416 0-206.626-43.699-277.977-114.443C130.241 467.591 86.799 369.1 86.799 260.462c0-45.803 7.722-89.803 21.936-130.767l-.845 2.8z" fill="#E2231A" class="path2"></path> <path d="M600.015 1.893a6.922 6.922 0 0 1 5.713-1.889c.057-.006.164-.007.272-.007 7.15 0 12.947 5.796 12.947 12.947 0 .108-.001.215-.004.322v-.016 503.482c.002.091.004.199.004.306 0 7.15-5.796 12.947-12.947 12.947-.108 0-.215-.001-.322-.004a6.925 6.925 0 0 1-5.665-1.895l.002.002c-98.273-48.542-164.673-148.065-164.673-263.098S501.743 50.434 598.306 2.657l1.709-.765z" fill="#712177" class="path3"></path> <path d="M938.824 283.919c1.893 0 1.893 1.893 3.786 1.893 1.765 2.012 2.841 4.666 2.841 7.571s-1.077 5.559-2.853 7.584l.011-.013-268.776 266.884c-2.012 1.765-4.666 2.841-7.571 2.841s-5.559-1.077-7.584-2.853a3.774 3.774 0 0 1-1.877-3.793l-.002.019c-7.681-21.529-12.12-46.363-12.12-72.235 0-61.263 24.891-116.712 65.111-156.786 39.326-39.792 93.895-64.431 154.219-64.431 26.857 0 52.573 4.884 76.309 13.812l-1.494-.493z" fill="#82BC00" class="path4"></path></g></g></svg></div></span>
    Stop &amp; Shop Bakery Kaiser Rolls Plain (Single)
  </a></div> <!----> <!----></div> <div class="skeleton-loader_wrapper"><div class="product-grid-cell_sizes"><span class="product-grid-cell_size">
    1 EA
  </span> <span aria-hidden="true">
    |
  </span> <!----> <span class="product-grid-cell_unit">
    $0.99 / EA
  </span></div> <!----></div> <!----> <!----> <!----> <!----> <!----> <!----> <!----></div> <div class="mobile-product-list-cell_bottom"><div class="mobile-product-list-cell_bottom_cart-ui-wrapper"><!----> <!----> <div class="pdl-add-to-cart"><div class="pdl-add-to-cart_button"><button aria-label="Add to cart" data-product-id="162912" data-price="0.99" class="button button--add-to-cart">
      Add to cart
      <!----></button> <!----> <!----> <!----></div> <!----></div></div> <!----></div></div></div> <div class="product-tile_action-items"><!----> <!----> <div class="shopping-list-menu_container"><div class="relative-el"><button aria-label="add to shopping list" class="button pdl-product-detail_top-icon button--fourth pdl-product-detail_top-icon--borderless"><!----> <div class="vector-icon-size--large"><svg xmlns="http://www.w3.org/2000/svg" aria-label="Shopping List Icon Add" viewBox="0 0 32 32" role="presentation" aria-hidden="true" focusable="false" class="vector-icon-color--dark-grey"><title lang="en">Shopping List Icon Add</title><desc></desc><g fill="" stroke=""><g><path d="M21.94066,15.3368884 L21.94066,12.8931995 C21.94066,12.3409148 22.3883752,11.8931995 22.94066,11.8931995 C23.4929447,11.8931995 23.94066,12.3409148 23.94066,12.8931995 L23.94066,15.3368884 L26.2522624,15.3368884 C26.8045471,15.3368884 27.2522624,15.7846037 27.2522624,16.3368884 C27.2522624,16.8891732 26.8045471,17.3368884 26.2522624,17.3368884 L23.94066,17.3368884 L23.94066,19.8787952 C23.94066,20.43108 23.4929447,20.8787952 22.94066,20.8787952 C22.3883752,20.8787952 21.94066,20.43108 21.94066,19.8787952 L21.94066,17.3368884 L19.2666667,17.3368884 C18.7143819,17.3368884 18.2666667,16.8891732 18.2666667,16.3368884 C18.2666667,15.7846037 18.7143819,15.3368884 19.2666667,15.3368884 L21.94066,15.3368884 Z M8,12 C7.44771525,12 7,11.5522847 7,11 C7,10.4477153 7.44771525,10 8,10 L19.1153581,10 C19.6676429,10 20.1153581,10.4477153 20.1153581,11 C20.1153581,11.5522847 19.6676429,12 19.1153581,12 L8,12 Z M8,17.3368884 C7.44771525,17.3368884 7,16.8891732 7,16.3368884 C7,15.7846037 7.44771525,15.3368884 8,15.3368884 L14.7200696,15.3368884 C15.2723543,15.3368884 15.7200696,15.7846037 15.7200696,16.3368884 C15.7200696,16.8891732 15.2723543,17.3368884 14.7200696,17.3368884 L8,17.3368884 Z M8,23 C7.44771525,23 7,22.5522847 7,22 C7,21.4477153 7.44771525,21 8,21 L19.1153581,21 C19.6676429,21 20.1153581,21.4477153 20.1153581,22 C20.1153581,22.5522847 19.6676429,23 19.1153581,23 L8,23 Z" fill="#000000" fill-rule="nonzero"></path></g></g></svg></div> <div class="pdl-product-detail_list-tooltip"><p>Add item to shopping list</p> <em></em></div></button></div></div></div> <!----></li> <!----><!----> <!----> <!----> <!----> <li tabindex="-1" data-product-id="316498" class="slot mobile-product-list-cell"><!----> <!----> <!----> <!----> <div class="mobile-product-list-cell_content"><div><!----> <div class="flag_outer-container"><!----> <!----> <!----> <!----></div></div> <div class="mobile-product-list-cell_left"><div><!----> <img src="data:image/svg+xml;base64,PD94bWwgdmVyc2lvbj0iMS4wIiBlbmNvZGluZz0idXRmLTgiPz4KPCEtLSBHZW5lcmF0ZWQgYnkgSWNvTW9vbi5pbyAtLT4KPCFET0NUWVBFIHN2ZyBQVUJMSUMgIi0vL1czQy8vRFREIFNWRyAxLjEvL0VOIiAiaHR0cDovL3d3dy53My5vcmcvR3JhcGhpY3MvU1ZHLzEuMS9EVEQvc3ZnMTEuZHRkIj4KPHN2ZyB2ZXJzaW9uPSIxLjEiIHhtbG5zPSJodHRwOi8vd3d3LnczLm9yZy8yMDAwL3N2ZyIgeG1sbnM6eGxpbms9Imh0dHA6Ly93d3cudzMub3JnLzE5OTkveGxpbmsiIHdpZHRoPSI0OCIgaGVpZ2h0PSI0OCIgdmlld0JveD0iMCAwIDQ4IDQ4Ij4KPGcgaWQ9Imljb21vb24taWdub3JlIj4KCTxsaW5lIHN0cm9rZS13aWR0aD0iMSIgeDE9IiIgeTE9IiIgeDI9IiIgeTI9IiIgc3Ryb2tlPSIjNDQ5RkRCIiBvcGFjaXR5PSIiPjwvbGluZT4KPC9nPgoJPHBhdGggZD0iTTM4LjQ4IDkuMDcwYzAuMjQ4IDAgMC40NSAwLjIwMiAwLjQ1IDAuNDV2MjguOTU5YzAgMC4yNDgtMC4yMDIgMC40NS0wLjQ1IDAuNDVoLTI4Ljk1OWMtMC4yNDggMC0wLjQ1LTAuMjAyLTAuNDUtMC40NXYtMjguOTU5YzAtMC4yNDggMC4yMDItMC40NSAwLjQ1LTAuNDVoMjguOTU5ek0zOC40OCA4aC0yOC45NTljLTAuODQgMC0xLjUyIDAuNjgxLTEuNTIgMS41MjF2MjguOTU5YzAgMC44NCAwLjY4MSAxLjUyMSAxLjUyIDEuNTIxaDI4Ljk1OWMwLjg0IDAgMS41Mi0wLjY4MSAxLjUyLTEuNTIxdi0yOC45NTljMC0wLjg0LTAuNjgxLTEuNTIxLTEuNTItMS41MjF2MHoiIG9wYWNpdHk9IjEiIHZpc2liaWxpdHk9ImZhbHNlIiBmaWxsPSIjZDdkN2Q3Ij48L3BhdGg+Cgk8cGF0aCBkPSJNMTIuMjI4IDM1LjIyNHYtMy4zMjljMC0wLjE0NSAwLjA1OC0wLjI4NSAwLjE2LTAuMzg4bDUuNTg3LTUuNTg3YzAuMjE0LTAuMjE0IDAuNTYxLTAuMjE0IDAuNzc1IDBsMi4xMTkgMi4xMTljMC4yMTQgMC4yMTQgMC41NjEgMC4yMTQgMC43NzUgMGw4LjE5MS04LjE5MmMwLjIxNC0wLjIxNCAwLjU2MS0wLjIxNCAwLjc3NSAwbDUgNWMwLjEwMyAwLjEwMyAwLjE2IDAuMjQyIDAuMTYgMC4zODh2OS45ODhjMCAwLjMwMy0wLjI0NSAwLjU0OC0wLjU0OCAwLjU0OGgtMjIuNDQ3Yy0wLjMwMyAwLTAuNTQ4LTAuMjQ1LTAuNTQ4LTAuNTQ4eiIgb3BhY2l0eT0iMSIgdmlzaWJpbGl0eT0iZmFsc2UiIGZpbGw9IiNkN2Q3ZDciPjwvcGF0aD4KCTxwYXRoIGQ9Ik0yMS41NDQgMTcuOTY3YzAgMS45ODItMS42MDYgMy41ODgtMy41ODggMy41ODhzLTMuNTg4LTEuNjA2LTMuNTg4LTMuNTg4YzAtMS45ODEgMS42MDYtMy41ODggMy41ODgtMy41ODhzMy41ODggMS42MDYgMy41ODggMy41ODh6IiBvcGFjaXR5PSIxIiB2aXNpYmlsaXR5PSJmYWxzZSIgZmlsbD0iI2Q3ZDdkNyI+PC9wYXRoPgo8L3N2Zz4K" alt="Sunset Cherry Tomatoes Flavor Bombs" skeleton-box-size="9rem" class="product-grid-image object-contain"></div></div> <div class="mobile-product-list-cell_info"><div class="product-tile_detail"><div class="skeleton-loader_wrapper cursor-pointer"><div class="product-grid-cell_price-container product-grid-cell_price-container--mobile"><span class="product-grid-cell_main-price"><!---->
    $4.99
  </span> <!----></div> <!----></div> <!----></div> <div class="mobile-product-list-cell_name-content"><div class="skeleton-loader_wrapper"><div class="product-grid-cell_name"><a id="product-name-316498-16761547344174697" href="#" data-opens-modal="true" aria-haspopup="dialog" class="product-grid-cell_name-text product-grid-cell_name-text--clamp-2"><!---->
    Sunset Cherry Tomatoes Flavor Bombs
  </a></div> <!----> <!----></div> <div class="skeleton-loader_wrapper"><div class="product-grid-cell_sizes"><span class="product-grid-cell_size">
    12 OZ PKG
  </span> <span aria-hidden="true">
    |
  </span> <!----> <span class="product-grid-cell_unit">
    $0.42 / OZ
  </span></div> <!----></div> <!----> <!----> <!----> <!----> <!----> <!----> <!----></div> <div class="mobile-product-list-cell_bottom"><div class="mobile-product-list-cell_bottom_cart-ui-wrapper"><!----> <!----> <div class="pdl-add-to-cart"><div class="pdl-add-to-cart_button"><button aria-label="Add to cart" data-product-id="316498" data-price="4.99" class="button button--add-to-cart">
      Add to cart
      <!----></button> <!----> <!----> <!----></div> <!----></div></div> <!----></div></div></div> <div class="product-tile_action-items"><!----> <!----> <div class="shopping-list-menu_container"><div class="relative-el"><button aria-label="add to shopping list" class="button pdl-product-detail_top-icon button--fourth pdl-product-detail_top-icon--borderless"><!----> <div class="vector-icon-size--large"><svg xmlns="http://www.w3.org/2000/svg" aria-label="Shopping List Icon Add" viewBox="0 0 32 32" role="presentation" aria-hidden="true" focusable="false" class="vector-icon-color--dark-grey"><title lang="en">Shopping List Icon Add</title><desc></desc><g fill="" stroke=""><g><path d="M21.94066,15.3368884 L21.94066,12.8931995 C21.94066,12.3409148 22.3883752,11.8931995 22.94066,11.8931995 C23.4929447,11.8931995 23.94066,12.3409148 23.94066,12.8931995 L23.94066,15.3368884 L26.2522624,15.3368884 C26.8045471,15.3368884 27.2522624,15.7846037 27.2522624,16.3368884 C27.2522624,16.8891732 26.8045471,17.3368884 26.2522624,17.3368884 L23.94066,17.3368884 L23.94066,19.8787952 C23.94066,20.43108 23.4929447,20.8787952 22.94066,20.8787952 C22.3883752,20.8787952 21.94066,20.43108 21.94066,19.8787952 L21.94066,17.3368884 L19.2666667,17.3368884 C18.7143819,17.3368884 18.2666667,16.8891732 18.2666667,16.3368884 C18.2666667,15.7846037 18.7143819,15.3368884 19.2666667,15.3368884 L21.94066,15.3368884 Z M8,12 C7.44771525,12 7,11.5522847 7,11 C7,10.4477153 7.44771525,10 8,10 L19.1153581,10 C19.6676429,10 20.1153581,10.4477153 20.1153581,11 C20.1153581,11.5522847 19.6676429,12 19.1153581,12 L8,12 Z M8,17.3368884 C7.44771525,17.3368884 7,16.8891732 7,16.3368884 C7,15.7846037 7.44771525,15.3368884 8,15.3368884 L14.7200696,15.3368884 C15.2723543,15.3368884 15.7200696,15.7846037 15.7200696,16.3368884 C15.7200696,16.8891732 15.2723543,17.3368884 14.7200696,17.3368884 L8,17.3368884 Z M8,23 C7.44771525,23 7,22.5522847 7,22 C7,21.4477153 7.44771525,21 8,21 L19.1153581,21 C19.6676429,21 20.1153581,21.4477153 20.1153581,22 C20.1153581,22.5522847 19.6676429,23 19.1153581,23 L8,23 Z" fill="#000000" fill-rule="nonzero"></path></g></g></svg></div> <div class="pdl-product-detail_list-tooltip"><p>Add item to shopping list</p> <em></em></div></button></div></div></div> <!----></li> <!----><!----> <!----> <!----> <!----> <li tabindex="-1" data-product-id="158148" class="slot mobile-product-list-cell"><!----> <!----> <!----> <!----> <div class="mobile-product-list-cell_content"><div><!----> <div class="flag_outer-container"><!----> <!----> <!----> <!----></div></div> <div class="mobile-product-list-cell_left"><div><!----> <img src="data:image/svg+xml;base64,PD94bWwgdmVyc2lvbj0iMS4wIiBlbmNvZGluZz0idXRmLTgiPz4KPCEtLSBHZW5lcmF0ZWQgYnkgSWNvTW9vbi5pbyAtLT4KPCFET0NUWVBFIHN2ZyBQVUJMSUMgIi0vL1czQy8vRFREIFNWRyAxLjEvL0VOIiAiaHR0cDovL3d3dy53My5vcmcvR3JhcGhpY3MvU1ZHLzEuMS9EVEQvc3ZnMTEuZHRkIj4KPHN2ZyB2ZXJzaW9uPSIxLjEiIHhtbG5zPSJodHRwOi8vd3d3LnczLm9yZy8yMDAwL3N2ZyIgeG1sbnM6eGxpbms9Imh0dHA6Ly93d3cudzMub3JnLzE5OTkveGxpbmsiIHdpZHRoPSI0OCIgaGVpZ2h0PSI0OCIgdmlld0JveD0iMCAwIDQ4IDQ4Ij4KPGcgaWQ9Imljb21vb24taWdub3JlIj4KCTxsaW5lIHN0cm9rZS13aWR0aD0iMSIgeDE9IiIgeTE9IiIgeDI9IiIgeTI9IiIgc3Ryb2tlPSIjNDQ5RkRCIiBvcGFjaXR5PSIiPjwvbGluZT4KPC9nPgoJPHBhdGggZD0iTTM4LjQ4IDkuMDcwYzAuMjQ4IDAgMC40NSAwLjIwMiAwLjQ1IDAuNDV2MjguOTU5YzAgMC4yNDgtMC4yMDIgMC40NS0wLjQ1IDAuNDVoLTI4Ljk1OWMtMC4yNDggMC0wLjQ1LTAuMjAyLTAuNDUtMC40NXYtMjguOTU5YzAtMC4yNDggMC4yMDItMC40NSAwLjQ1LTAuNDVoMjguOTU5ek0zOC40OCA4aC0yOC45NTljLTAuODQgMC0xLjUyIDAuNjgxLTEuNTIgMS41MjF2MjguOTU5YzAgMC44NCAwLjY4MSAxLjUyMSAxLjUyIDEuNTIxaDI4Ljk1OWMwLjg0IDAgMS41Mi0wLjY4MSAxLjUyLTEuNTIxdi0yOC45NTljMC0wLjg0LTAuNjgxLTEuNTIxLTEuNTItMS41MjF2MHoiIG9wYWNpdHk9IjEiIHZpc2liaWxpdHk9ImZhbHNlIiBmaWxsPSIjZDdkN2Q3Ij48L3BhdGg+Cgk8cGF0aCBkPSJNMTIuMjI4IDM1LjIyNHYtMy4zMjljMC0wLjE0NSAwLjA1OC0wLjI4NSAwLjE2LTAuMzg4bDUuNTg3LTUuNTg3YzAuMjE0LTAuMjE0IDAuNTYxLTAuMjE0IDAuNzc1IDBsMi4xMTkgMi4xMTljMC4yMTQgMC4yMTQgMC41NjEgMC4yMTQgMC43NzUgMGw4LjE5MS04LjE5MmMwLjIxNC0wLjIxNCAwLjU2MS0wLjIxNCAwLjc3NSAwbDUgNWMwLjEwMyAwLjEwMyAwLjE2IDAuMjQyIDAuMTYgMC4zODh2OS45ODhjMCAwLjMwMy0wLjI0NSAwLjU0OC0wLjU0OCAwLjU0OGgtMjIuNDQ3Yy0wLjMwMyAwLTAuNTQ4LTAuMjQ1LTAuNTQ4LTAuNTQ4eiIgb3BhY2l0eT0iMSIgdmlzaWJpbGl0eT0iZmFsc2UiIGZpbGw9IiNkN2Q3ZDciPjwvcGF0aD4KCTxwYXRoIGQ9Ik0yMS41NDQgMTcuOTY3YzAgMS45ODItMS42MDYgMy41ODgtMy41ODggMy41ODhzLTMuNTg4LTEuNjA2LTMuNTg4LTMuNTg4YzAtMS45ODEgMS42MDYtMy41ODggMy41ODgtMy41ODhzMy41ODggMS42MDYgMy41ODggMy41ODh6IiBvcGFjaXR5PSIxIiB2aXNpYmlsaXR5PSJmYWxzZSIgZmlsbD0iI2Q3ZDdkNyI+PC9wYXRoPgo8L3N2Zz4K" alt="Stop &amp; Shop Soft &amp; Gentle Facial Tissues w/Lotion 3-Ply White Unscented" skeleton-box-size="9rem" class="product-grid-image object-contain"></div></div> <div class="mobile-product-list-cell_info"><div class="product-tile_detail"><div class="skeleton-loader_wrapper cursor-pointer"><div class="product-grid-cell_price-container product-grid-cell_price-container--mobile"><span class="product-grid-cell_main-price"><!---->
    $1.49
  </span> <!----></div> <!----></div> <!----></div> <div class="mobile-product-list-cell_name-content"><div class="skeleton-loader_wrapper"><div class="product-grid-cell_name"><a id="product-name-158148-16761547344200425" href="#" data-opens-modal="true" aria-haspopup="dialog" class="product-grid-cell_name-text product-grid-cell_name-text--clamp-2"><span class="vector-icon_inline-text--left mr-0"><div class="vector-icon-size--xsmall"><svg xmlns="http://www.w3.org/2000/svg" aria-label="Ahold Icon" viewBox="0 0 1024 945" role="presentation" aria-hidden="true" focusable="false" class=""><title lang="en">Ahold Icon</title><desc></desc><g fill="" stroke=""><g><path d="M1.893 730.617c-1.289-2.094-2.052-4.631-2.052-7.346 0-.747.058-1.481.169-2.197.158-12.396 10.227-22.466 22.687-22.634h895.306c12.476.168 22.545 10.237 22.713 22.698-.521 3.721-1.182 6.924-2.024 10.053l.131-.574c-86.363 175.072-263.598 293.385-468.466 293.385S88.254 905.689 3.252 733.663l-1.361-3.046z" fill="#F7A800" class="path1"></path> <path d="M107.889 132.495c1.893-1.893 1.893-3.786 3.786-5.678 2.98-3.491 7.385-5.69 12.303-5.69s9.323 2.199 12.284 5.668l.019.022L613.264 603.8c3.491 2.98 5.69 7.385 5.69 12.303s-2.199 9.323-5.668 12.284c-1.399 1.869-3.361 3.216-5.631 3.789l-.069.015c-38.446 13.732-82.796 21.669-129.001 21.669-108.416 0-206.626-43.699-277.977-114.443C130.241 467.591 86.799 369.1 86.799 260.462c0-45.803 7.722-89.803 21.936-130.767l-.845 2.8z" fill="#E2231A" class="path2"></path> <path d="M600.015 1.893a6.922 6.922 0 0 1 5.713-1.889c.057-.006.164-.007.272-.007 7.15 0 12.947 5.796 12.947 12.947 0 .108-.001.215-.004.322v-.016 503.482c.002.091.004.199.004.306 0 7.15-5.796 12.947-12.947 12.947-.108 0-.215-.001-.322-.004a6.925 6.925 0 0 1-5.665-1.895l.002.002c-98.273-48.542-164.673-148.065-164.673-263.098S501.743 50.434 598.306 2.657l1.709-.765z" fill="#712177" class="path3"></path> <path d="M938.824 283.919c1.893 0 1.893 1.893 3.786 1.893 1.765 2.012 2.841 4.666 2.841 7.571s-1.077 5.559-2.853 7.584l.011-.013-268.776 266.884c-2.012 1.765-4.666 2.841-7.571 2.841s-5.559-1.077-7.584-2.853a3.774 3.774 0 0 1-1.877-3.793l-.002.019c-7.681-21.529-12.12-46.363-12.12-72.235 0-61.263 24.891-116.712 65.111-156.786 39.326-39.792 93.895-64.431 154.219-64.431 26.857 0 52.573 4.884 76.309 13.812l-1.494-.493z" fill="#82BC00" class="path4"></path></g></g></svg></div></span>
    Stop &amp; Shop Soft &amp; Gentle Facial Tissues w/Lotion 3-Ply White Unscented
  </a></div> <!----> <!----></div> <div class="skeleton-loader_wrapper"><div class="product-grid-cell_sizes"><span class="product-grid-cell_size">
    65 CT BOX
  </span> <span aria-hidden="true">
    |
  </span> <!----> <span class="product-grid-cell_unit">
    $0.02 / EA
  </span></div> <!----></div> <!----> <!----> <!----> <!----> <!----> <!----> <!----></div> <div class="mobile-product-list-cell_bottom"><div class="mobile-product-list-cell_bottom_cart-ui-wrapper"><!----> <!----> <div class="pdl-add-to-cart"><div class="pdl-add-to-cart_button"><button aria-label="Add to cart" data-product-id="158148" data-price="1.49" class="button button--add-to-cart">
      Add to cart
      <!----></button> <!----> <!----> <!----></div> <!----></div></div> <!----></div></div></div> <div class="product-tile_action-items"><!----> <!----> <div class="shopping-list-menu_container"><div class="relative-el"><button aria-label="add to shopping list" class="button pdl-product-detail_top-icon button--fourth pdl-product-detail_top-icon--borderless"><!----> <div class="vector-icon-size--large"><svg xmlns="http://www.w3.org/2000/svg" aria-label="Shopping List Icon Add" viewBox="0 0 32 32" role="presentation" aria-hidden="true" focusable="false" class="vector-icon-color--dark-grey"><title lang="en">Shopping List Icon Add</title><desc></desc><g fill="" stroke=""><g><path d="M21.94066,15.3368884 L21.94066,12.8931995 C21.94066,12.3409148 22.3883752,11.8931995 22.94066,11.8931995 C23.4929447,11.8931995 23.94066,12.3409148 23.94066,12.8931995 L23.94066,15.3368884 L26.2522624,15.3368884 C26.8045471,15.3368884 27.2522624,15.7846037 27.2522624,16.3368884 C27.2522624,16.8891732 26.8045471,17.3368884 26.2522624,17.3368884 L23.94066,17.3368884 L23.94066,19.8787952 C23.94066,20.43108 23.4929447,20.8787952 22.94066,20.8787952 C22.3883752,20.8787952 21.94066,20.43108 21.94066,19.8787952 L21.94066,17.3368884 L19.2666667,17.3368884 C18.7143819,17.3368884 18.2666667,16.8891732 18.2666667,16.3368884 C18.2666667,15.7846037 18.7143819,15.3368884 19.2666667,15.3368884 L21.94066,15.3368884 Z M8,12 C7.44771525,12 7,11.5522847 7,11 C7,10.4477153 7.44771525,10 8,10 L19.1153581,10 C19.6676429,10 20.1153581,10.4477153 20.1153581,11 C20.1153581,11.5522847 19.6676429,12 19.1153581,12 L8,12 Z M8,17.3368884 C7.44771525,17.3368884 7,16.8891732 7,16.3368884 C7,15.7846037 7.44771525,15.3368884 8,15.3368884 L14.7200696,15.3368884 C15.2723543,15.3368884 15.7200696,15.7846037 15.7200696,16.3368884 C15.7200696,16.8891732 15.2723543,17.3368884 14.7200696,17.3368884 L8,17.3368884 Z M8,23 C7.44771525,23 7,22.5522847 7,22 C7,21.4477153 7.44771525,21 8,21 L19.1153581,21 C19.6676429,21 20.1153581,21.4477153 20.1153581,22 C20.1153581,22.5522847 19.6676429,23 19.1153581,23 L8,23 Z" fill="#000000" fill-rule="nonzero"></path></g></g></svg></div> <div class="pdl-product-detail_list-tooltip"><p>Add item to shopping list</p> <em></em></div></button></div></div></div> <!----></li> <!----><!----> <!----> <!----> <!----> <li tabindex="-1" data-product-id="118792" class="slot mobile-product-list-cell"><!----> <!----> <!----> <!----> <div class="mobile-product-list-cell_content"><div><!----> <div class="flag_outer-container"><!----> <!----> <!----> <!----></div></div> <div class="mobile-product-list-cell_left"><div><!----> <img src="data:image/svg+xml;base64,PD94bWwgdmVyc2lvbj0iMS4wIiBlbmNvZGluZz0idXRmLTgiPz4KPCEtLSBHZW5lcmF0ZWQgYnkgSWNvTW9vbi5pbyAtLT4KPCFET0NUWVBFIHN2ZyBQVUJMSUMgIi0vL1czQy8vRFREIFNWRyAxLjEvL0VOIiAiaHR0cDovL3d3dy53My5vcmcvR3JhcGhpY3MvU1ZHLzEuMS9EVEQvc3ZnMTEuZHRkIj4KPHN2ZyB2ZXJzaW9uPSIxLjEiIHhtbG5zPSJodHRwOi8vd3d3LnczLm9yZy8yMDAwL3N2ZyIgeG1sbnM6eGxpbms9Imh0dHA6Ly93d3cudzMub3JnLzE5OTkveGxpbmsiIHdpZHRoPSI0OCIgaGVpZ2h0PSI0OCIgdmlld0JveD0iMCAwIDQ4IDQ4Ij4KPGcgaWQ9Imljb21vb24taWdub3JlIj4KCTxsaW5lIHN0cm9rZS13aWR0aD0iMSIgeDE9IiIgeTE9IiIgeDI9IiIgeTI9IiIgc3Ryb2tlPSIjNDQ5RkRCIiBvcGFjaXR5PSIiPjwvbGluZT4KPC9nPgoJPHBhdGggZD0iTTM4LjQ4IDkuMDcwYzAuMjQ4IDAgMC40NSAwLjIwMiAwLjQ1IDAuNDV2MjguOTU5YzAgMC4yNDgtMC4yMDIgMC40NS0wLjQ1IDAuNDVoLTI4Ljk1OWMtMC4yNDggMC0wLjQ1LTAuMjAyLTAuNDUtMC40NXYtMjguOTU5YzAtMC4yNDggMC4yMDItMC40NSAwLjQ1LTAuNDVoMjguOTU5ek0zOC40OCA4aC0yOC45NTljLTAuODQgMC0xLjUyIDAuNjgxLTEuNTIgMS41MjF2MjguOTU5YzAgMC44NCAwLjY4MSAxLjUyMSAxLjUyIDEuNTIxaDI4Ljk1OWMwLjg0IDAgMS41Mi0wLjY4MSAxLjUyLTEuNTIxdi0yOC45NTljMC0wLjg0LTAuNjgxLTEuNTIxLTEuNTItMS41MjF2MHoiIG9wYWNpdHk9IjEiIHZpc2liaWxpdHk9ImZhbHNlIiBmaWxsPSIjZDdkN2Q3Ij48L3BhdGg+Cgk8cGF0aCBkPSJNMTIuMjI4IDM1LjIyNHYtMy4zMjljMC0wLjE0NSAwLjA1OC0wLjI4NSAwLjE2LTAuMzg4bDUuNTg3LTUuNTg3YzAuMjE0LTAuMjE0IDAuNTYxLTAuMjE0IDAuNzc1IDBsMi4xMTkgMi4xMTljMC4yMTQgMC4yMTQgMC41NjEgMC4yMTQgMC43NzUgMGw4LjE5MS04LjE5MmMwLjIxNC0wLjIxNCAwLjU2MS0wLjIxNCAwLjc3NSAwbDUgNWMwLjEwMyAwLjEwMyAwLjE2IDAuMjQyIDAuMTYgMC4zODh2OS45ODhjMCAwLjMwMy0wLjI0NSAwLjU0OC0wLjU0OCAwLjU0OGgtMjIuNDQ3Yy0wLjMwMyAwLTAuNTQ4LTAuMjQ1LTAuNTQ4LTAuNTQ4eiIgb3BhY2l0eT0iMSIgdmlzaWJpbGl0eT0iZmFsc2UiIGZpbGw9IiNkN2Q3ZDciPjwvcGF0aD4KCTxwYXRoIGQ9Ik0yMS41NDQgMTcuOTY3YzAgMS45ODItMS42MDYgMy41ODgtMy41ODggMy41ODhzLTMuNTg4LTEuNjA2LTMuNTg4LTMuNTg4YzAtMS45ODEgMS42MDYtMy41ODggMy41ODgtMy41ODhzMy41ODggMS42MDYgMy41ODggMy41ODh6IiBvcGFjaXR5PSIxIiB2aXNpYmlsaXR5PSJmYWxzZSIgZmlsbD0iI2Q3ZDdkNyI+PC9wYXRoPgo8L3N2Zz4K" alt="Stop &amp; Shop White Sliced Mushrooms" skeleton-box-size="9rem" class="product-grid-image object-contain"></div></div> <div class="mobile-product-list-cell_info"><div class="product-tile_detail"><div class="skeleton-loader_wrapper cursor-pointer"><div class="product-grid-cell_price-container product-grid-cell_price-container--mobile"><span class="product-grid-cell_main-price"><!---->
    $2.79
  </span> <!----></div> <!----></div> <!----></div> <div class="mobile-product-list-cell_name-content"><div class="skeleton-loader_wrapper"><div class="product-grid-cell_name"><a id="product-name-118792-16761547344229396" href="#" data-opens-modal="true" aria-haspopup="dialog" class="product-grid-cell_name-text product-grid-cell_name-text--clamp-2"><span class="vector-icon_inline-text--left mr-0"><div class="vector-icon-size--xsmall"><svg xmlns="http://www.w3.org/2000/svg" aria-label="Ahold Icon" viewBox="0 0 1024 945" role="presentation" aria-hidden="true" focusable="false" class=""><title lang="en">Ahold Icon</title><desc></desc><g fill="" stroke=""><g><path d="M1.893 730.617c-1.289-2.094-2.052-4.631-2.052-7.346 0-.747.058-1.481.169-2.197.158-12.396 10.227-22.466 22.687-22.634h895.306c12.476.168 22.545 10.237 22.713 22.698-.521 3.721-1.182 6.924-2.024 10.053l.131-.574c-86.363 175.072-263.598 293.385-468.466 293.385S88.254 905.689 3.252 733.663l-1.361-3.046z" fill="#F7A800" class="path1"></path> <path d="M107.889 132.495c1.893-1.893 1.893-3.786 3.786-5.678 2.98-3.491 7.385-5.69 12.303-5.69s9.323 2.199 12.284 5.668l.019.022L613.264 603.8c3.491 2.98 5.69 7.385 5.69 12.303s-2.199 9.323-5.668 12.284c-1.399 1.869-3.361 3.216-5.631 3.789l-.069.015c-38.446 13.732-82.796 21.669-129.001 21.669-108.416 0-206.626-43.699-277.977-114.443C130.241 467.591 86.799 369.1 86.799 260.462c0-45.803 7.722-89.803 21.936-130.767l-.845 2.8z" fill="#E2231A" class="path2"></path> <path d="M600.015 1.893a6.922 6.922 0 0 1 5.713-1.889c.057-.006.164-.007.272-.007 7.15 0 12.947 5.796 12.947 12.947 0 .108-.001.215-.004.322v-.016 503.482c.002.091.004.199.004.306 0 7.15-5.796 12.947-12.947 12.947-.108 0-.215-.001-.322-.004a6.925 6.925 0 0 1-5.665-1.895l.002.002c-98.273-48.542-164.673-148.065-164.673-263.098S501.743 50.434 598.306 2.657l1.709-.765z" fill="#712177" class="path3"></path> <path d="M938.824 283.919c1.893 0 1.893 1.893 3.786 1.893 1.765 2.012 2.841 4.666 2.841 7.571s-1.077 5.559-2.853 7.584l.011-.013-268.776 266.884c-2.012 1.765-4.666 2.841-7.571 2.841s-5.559-1.077-7.584-2.853a3.774 3.774 0 0 1-1.877-3.793l-.002.019c-7.681-21.529-12.12-46.363-12.12-72.235 0-61.263 24.891-116.712 65.111-156.786 39.326-39.792 93.895-64.431 154.219-64.431 26.857 0 52.573 4.884 76.309 13.812l-1.494-.493z" fill="#82BC00" class="path4"></path></g></g></svg></div></span>
    Stop &amp; Shop White Sliced Mushrooms
  </a></div> <!----> <!----></div> <div class="skeleton-loader_wrapper"><div class="product-grid-cell_sizes"><span class="product-grid-cell_size">
    8 OZ PKG
  </span> <span aria-hidden="true">
    |
  </span> <!----> <span class="product-grid-cell_unit">
    $0.35 / OZ
  </span></div> <!----></div> <!----> <!----> <!----> <!----> <!----> <!----> <!----></div> <div class="mobile-product-list-cell_bottom"><div class="mobile-product-list-cell_bottom_cart-ui-wrapper"><!----> <!----> <div class="pdl-add-to-cart"><div class="pdl-add-to-cart_button"><button aria-label="Add to cart" data-product-id="118792" data-price="2.79" class="button button--add-to-cart">
      Add to cart
      <!----></button> <!----> <!----> <!----></div> <!----></div></div> <!----></div></div></div> <div class="product-tile_action-items"><!----> <!----> <div class="shopping-list-menu_container"><div class="relative-el"><button aria-label="add to shopping list" class="button pdl-product-detail_top-icon button--fourth pdl-product-detail_top-icon--borderless"><!----> <div class="vector-icon-size--large"><svg xmlns="http://www.w3.org/2000/svg" aria-label="Shopping List Icon Add" viewBox="0 0 32 32" role="presentation" aria-hidden="true" focusable="false" class="vector-icon-color--dark-grey"><title lang="en">Shopping List Icon Add</title><desc></desc><g fill="" stroke=""><g><path d="M21.94066,15.3368884 L21.94066,12.8931995 C21.94066,12.3409148 22.3883752,11.8931995 22.94066,11.8931995 C23.4929447,11.8931995 23.94066,12.3409148 23.94066,12.8931995 L23.94066,15.3368884 L26.2522624,15.3368884 C26.8045471,15.3368884 27.2522624,15.7846037 27.2522624,16.3368884 C27.2522624,16.8891732 26.8045471,17.3368884 26.2522624,17.3368884 L23.94066,17.3368884 L23.94066,19.8787952 C23.94066,20.43108 23.4929447,20.8787952 22.94066,20.8787952 C22.3883752,20.8787952 21.94066,20.43108 21.94066,19.8787952 L21.94066,17.3368884 L19.2666667,17.3368884 C18.7143819,17.3368884 18.2666667,16.8891732 18.2666667,16.3368884 C18.2666667,15.7846037 18.7143819,15.3368884 19.2666667,15.3368884 L21.94066,15.3368884 Z M8,12 C7.44771525,12 7,11.5522847 7,11 C7,10.4477153 7.44771525,10 8,10 L19.1153581,10 C19.6676429,10 20.1153581,10.4477153 20.1153581,11 C20.1153581,11.5522847 19.6676429,12 19.1153581,12 L8,12 Z M8,17.3368884 C7.44771525,17.3368884 7,16.8891732 7,16.3368884 C7,15.7846037 7.44771525,15.3368884 8,15.3368884 L14.7200696,15.3368884 C15.2723543,15.3368884 15.7200696,15.7846037 15.7200696,16.3368884 C15.7200696,16.8891732 15.2723543,17.3368884 14.7200696,17.3368884 L8,17.3368884 Z M8,23 C7.44771525,23 7,22.5522847 7,22 C7,21.4477153 7.44771525,21 8,21 L19.1153581,21 C19.6676429,21 20.1153581,21.4477153 20.1153581,22 C20.1153581,22.5522847 19.6676429,23 19.1153581,23 L8,23 Z" fill="#000000" fill-rule="nonzero"></path></g></g></svg></div> <div class="pdl-product-detail_list-tooltip"><p>Add item to shopping list</p> <em></em></div></button></div></div></div> <!----></li> <!----><!----> <!----> <!----> <!----> <li tabindex="-1" data-product-id="121443" class="slot mobile-product-list-cell"><!----> <!----> <!----> <!----> <div class="mobile-product-list-cell_content"><div><!----> <div class="flag_outer-container"><!----> <!----> <!----> <!----></div></div> <div class="mobile-product-list-cell_left"><div><!----> <img src="data:image/svg+xml;base64,PD94bWwgdmVyc2lvbj0iMS4wIiBlbmNvZGluZz0idXRmLTgiPz4KPCEtLSBHZW5lcmF0ZWQgYnkgSWNvTW9vbi5pbyAtLT4KPCFET0NUWVBFIHN2ZyBQVUJMSUMgIi0vL1czQy8vRFREIFNWRyAxLjEvL0VOIiAiaHR0cDovL3d3dy53My5vcmcvR3JhcGhpY3MvU1ZHLzEuMS9EVEQvc3ZnMTEuZHRkIj4KPHN2ZyB2ZXJzaW9uPSIxLjEiIHhtbG5zPSJodHRwOi8vd3d3LnczLm9yZy8yMDAwL3N2ZyIgeG1sbnM6eGxpbms9Imh0dHA6Ly93d3cudzMub3JnLzE5OTkveGxpbmsiIHdpZHRoPSI0OCIgaGVpZ2h0PSI0OCIgdmlld0JveD0iMCAwIDQ4IDQ4Ij4KPGcgaWQ9Imljb21vb24taWdub3JlIj4KCTxsaW5lIHN0cm9rZS13aWR0aD0iMSIgeDE9IiIgeTE9IiIgeDI9IiIgeTI9IiIgc3Ryb2tlPSIjNDQ5RkRCIiBvcGFjaXR5PSIiPjwvbGluZT4KPC9nPgoJPHBhdGggZD0iTTM4LjQ4IDkuMDcwYzAuMjQ4IDAgMC40NSAwLjIwMiAwLjQ1IDAuNDV2MjguOTU5YzAgMC4yNDgtMC4yMDIgMC40NS0wLjQ1IDAuNDVoLTI4Ljk1OWMtMC4yNDggMC0wLjQ1LTAuMjAyLTAuNDUtMC40NXYtMjguOTU5YzAtMC4yNDggMC4yMDItMC40NSAwLjQ1LTAuNDVoMjguOTU5ek0zOC40OCA4aC0yOC45NTljLTAuODQgMC0xLjUyIDAuNjgxLTEuNTIgMS41MjF2MjguOTU5YzAgMC44NCAwLjY4MSAxLjUyMSAxLjUyIDEuNTIxaDI4Ljk1OWMwLjg0IDAgMS41Mi0wLjY4MSAxLjUyLTEuNTIxdi0yOC45NTljMC0wLjg0LTAuNjgxLTEuNTIxLTEuNTItMS41MjF2MHoiIG9wYWNpdHk9IjEiIHZpc2liaWxpdHk9ImZhbHNlIiBmaWxsPSIjZDdkN2Q3Ij48L3BhdGg+Cgk8cGF0aCBkPSJNMTIuMjI4IDM1LjIyNHYtMy4zMjljMC0wLjE0NSAwLjA1OC0wLjI4NSAwLjE2LTAuMzg4bDUuNTg3LTUuNTg3YzAuMjE0LTAuMjE0IDAuNTYxLTAuMjE0IDAuNzc1IDBsMi4xMTkgMi4xMTljMC4yMTQgMC4yMTQgMC41NjEgMC4yMTQgMC43NzUgMGw4LjE5MS04LjE5MmMwLjIxNC0wLjIxNCAwLjU2MS0wLjIxNCAwLjc3NSAwbDUgNWMwLjEwMyAwLjEwMyAwLjE2IDAuMjQyIDAuMTYgMC4zODh2OS45ODhjMCAwLjMwMy0wLjI0NSAwLjU0OC0wLjU0OCAwLjU0OGgtMjIuNDQ3Yy0wLjMwMyAwLTAuNTQ4LTAuMjQ1LTAuNTQ4LTAuNTQ4eiIgb3BhY2l0eT0iMSIgdmlzaWJpbGl0eT0iZmFsc2UiIGZpbGw9IiNkN2Q3ZDciPjwvcGF0aD4KCTxwYXRoIGQ9Ik0yMS41NDQgMTcuOTY3YzAgMS45ODItMS42MDYgMy41ODgtMy41ODggMy41ODhzLTMuNTg4LTEuNjA2LTMuNTg4LTMuNTg4YzAtMS45ODEgMS42MDYtMy41ODggMy41ODgtMy41ODhzMy41ODggMS42MDYgMy41ODggMy41ODh6IiBvcGFjaXR5PSIxIiB2aXNpYmlsaXR5PSJmYWxzZSIgZmlsbD0iI2Q3ZDdkNyI+PC9wYXRoPgo8L3N2Zz4K" alt="Yellow Squash" skeleton-box-size="9rem" class="product-grid-image object-contain"></div></div> <div class="mobile-product-list-cell_info"><div class="product-tile_detail"><div class="skeleton-loader_wrapper cursor-pointer"><div class="product-grid-cell_price-container product-grid-cell_price-container--mobile"><span class="product-grid-cell_main-price"><!---->
    $0.82
  </span> <!----></div> <!----></div> <!----></div> <div class="mobile-product-list-cell_name-content"><div class="skeleton-loader_wrapper"><div class="product-grid-cell_name"><a id="product-name-121443-16761547344247716" href="#" data-opens-modal="true" aria-haspopup="dialog" class="product-grid-cell_name-text product-grid-cell_name-text--clamp-2"><!---->
    Yellow Squash
  </a></div> <!----> <!----></div> <div class="skeleton-loader_wrapper"><div class="product-grid-cell_sizes"><span class="product-grid-cell_size">
    1 EA
  </span> <span aria-hidden="true">
    |
  </span> <!----> <span class="product-grid-cell_unit">
    $0.82 / EA
  </span></div> <!----></div> <!----> <!----> <!----> <!----> <!----> <!----> <!----></div> <div class="mobile-product-list-cell_bottom"><div class="mobile-product-list-cell_bottom_cart-ui-wrapper"><!----> <!----> <div class="pdl-add-to-cart"><div class="pdl-add-to-cart_button"><button aria-label="Add to cart" data-product-id="121443" data-price="0.82" class="button button--add-to-cart">
      Add to cart
      <!----></button> <!----> <!----> <!----></div> <!----></div></div> <!----></div></div></div> <div class="product-tile_action-items"><!----> <!----> <div class="shopping-list-menu_container"><div class="relative-el"><button aria-label="add to shopping list" class="button pdl-product-detail_top-icon button--fourth pdl-product-detail_top-icon--borderless"><!----> <div class="vector-icon-size--large"><svg xmlns="http://www.w3.org/2000/svg" aria-label="Shopping List Icon Add" viewBox="0 0 32 32" role="presentation" aria-hidden="true" focusable="false" class="vector-icon-color--dark-grey"><title lang="en">Shopping List Icon Add</title><desc></desc><g fill="" stroke=""><g><path d="M21.94066,15.3368884 L21.94066,12.8931995 C21.94066,12.3409148 22.3883752,11.8931995 22.94066,11.8931995 C23.4929447,11.8931995 23.94066,12.3409148 23.94066,12.8931995 L23.94066,15.3368884 L26.2522624,15.3368884 C26.8045471,15.3368884 27.2522624,15.7846037 27.2522624,16.3368884 C27.2522624,16.8891732 26.8045471,17.3368884 26.2522624,17.3368884 L23.94066,17.3368884 L23.94066,19.8787952 C23.94066,20.43108 23.4929447,20.8787952 22.94066,20.8787952 C22.3883752,20.8787952 21.94066,20.43108 21.94066,19.8787952 L21.94066,17.3368884 L19.2666667,17.3368884 C18.7143819,17.3368884 18.2666667,16.8891732 18.2666667,16.3368884 C18.2666667,15.7846037 18.7143819,15.3368884 19.2666667,15.3368884 L21.94066,15.3368884 Z M8,12 C7.44771525,12 7,11.5522847 7,11 C7,10.4477153 7.44771525,10 8,10 L19.1153581,10 C19.6676429,10 20.1153581,10.4477153 20.1153581,11 C20.1153581,11.5522847 19.6676429,12 19.1153581,12 L8,12 Z M8,17.3368884 C7.44771525,17.3368884 7,16.8891732 7,16.3368884 C7,15.7846037 7.44771525,15.3368884 8,15.3368884 L14.7200696,15.3368884 C15.2723543,15.3368884 15.7200696,15.7846037 15.7200696,16.3368884 C15.7200696,16.8891732 15.2723543,17.3368884 14.7200696,17.3368884 L8,17.3368884 Z M8,23 C7.44771525,23 7,22.5522847 7,22 C7,21.4477153 7.44771525,21 8,21 L19.1153581,21 C19.6676429,21 20.1153581,21.4477153 20.1153581,22 C20.1153581,22.5522847 19.6676429,23 19.1153581,23 L8,23 Z" fill="#000000" fill-rule="nonzero"></path></g></g></svg></div> <div class="pdl-product-detail_list-tooltip"><p>Add item to shopping list</p> <em></em></div></button></div></div></div> <!----></li> <!----><!----> <!----> <!----> <!----> <li tabindex="-1" data-product-id="118909" class="slot mobile-product-list-cell"><!----> <!----> <!----> <!----> <div class="mobile-product-list-cell_content"><div><!----> <div class="flag_outer-container"><!----> <!----> <!----> <!----></div></div> <div class="mobile-product-list-cell_left"><div><!----> <img src="data:image/svg+xml;base64,PD94bWwgdmVyc2lvbj0iMS4wIiBlbmNvZGluZz0idXRmLTgiPz4KPCEtLSBHZW5lcmF0ZWQgYnkgSWNvTW9vbi5pbyAtLT4KPCFET0NUWVBFIHN2ZyBQVUJMSUMgIi0vL1czQy8vRFREIFNWRyAxLjEvL0VOIiAiaHR0cDovL3d3dy53My5vcmcvR3JhcGhpY3MvU1ZHLzEuMS9EVEQvc3ZnMTEuZHRkIj4KPHN2ZyB2ZXJzaW9uPSIxLjEiIHhtbG5zPSJodHRwOi8vd3d3LnczLm9yZy8yMDAwL3N2ZyIgeG1sbnM6eGxpbms9Imh0dHA6Ly93d3cudzMub3JnLzE5OTkveGxpbmsiIHdpZHRoPSI0OCIgaGVpZ2h0PSI0OCIgdmlld0JveD0iMCAwIDQ4IDQ4Ij4KPGcgaWQ9Imljb21vb24taWdub3JlIj4KCTxsaW5lIHN0cm9rZS13aWR0aD0iMSIgeDE9IiIgeTE9IiIgeDI9IiIgeTI9IiIgc3Ryb2tlPSIjNDQ5RkRCIiBvcGFjaXR5PSIiPjwvbGluZT4KPC9nPgoJPHBhdGggZD0iTTM4LjQ4IDkuMDcwYzAuMjQ4IDAgMC40NSAwLjIwMiAwLjQ1IDAuNDV2MjguOTU5YzAgMC4yNDgtMC4yMDIgMC40NS0wLjQ1IDAuNDVoLTI4Ljk1OWMtMC4yNDggMC0wLjQ1LTAuMjAyLTAuNDUtMC40NXYtMjguOTU5YzAtMC4yNDggMC4yMDItMC40NSAwLjQ1LTAuNDVoMjguOTU5ek0zOC40OCA4aC0yOC45NTljLTAuODQgMC0xLjUyIDAuNjgxLTEuNTIgMS41MjF2MjguOTU5YzAgMC44NCAwLjY4MSAxLjUyMSAxLjUyIDEuNTIxaDI4Ljk1OWMwLjg0IDAgMS41Mi0wLjY4MSAxLjUyLTEuNTIxdi0yOC45NTljMC0wLjg0LTAuNjgxLTEuNTIxLTEuNTItMS41MjF2MHoiIG9wYWNpdHk9IjEiIHZpc2liaWxpdHk9ImZhbHNlIiBmaWxsPSIjZDdkN2Q3Ij48L3BhdGg+Cgk8cGF0aCBkPSJNMTIuMjI4IDM1LjIyNHYtMy4zMjljMC0wLjE0NSAwLjA1OC0wLjI4NSAwLjE2LTAuMzg4bDUuNTg3LTUuNTg3YzAuMjE0LTAuMjE0IDAuNTYxLTAuMjE0IDAuNzc1IDBsMi4xMTkgMi4xMTljMC4yMTQgMC4yMTQgMC41NjEgMC4yMTQgMC43NzUgMGw4LjE5MS04LjE5MmMwLjIxNC0wLjIxNCAwLjU2MS0wLjIxNCAwLjc3NSAwbDUgNWMwLjEwMyAwLjEwMyAwLjE2IDAuMjQyIDAuMTYgMC4zODh2OS45ODhjMCAwLjMwMy0wLjI0NSAwLjU0OC0wLjU0OCAwLjU0OGgtMjIuNDQ3Yy0wLjMwMyAwLTAuNTQ4LTAuMjQ1LTAuNTQ4LTAuNTQ4eiIgb3BhY2l0eT0iMSIgdmlzaWJpbGl0eT0iZmFsc2UiIGZpbGw9IiNkN2Q3ZDciPjwvcGF0aD4KCTxwYXRoIGQ9Ik0yMS41NDQgMTcuOTY3YzAgMS45ODItMS42MDYgMy41ODgtMy41ODggMy41ODhzLTMuNTg4LTEuNjA2LTMuNTg4LTMuNTg4YzAtMS45ODEgMS42MDYtMy41ODggMy41ODgtMy41ODhzMy41ODggMS42MDYgMy41ODggMy41ODh6IiBvcGFjaXR5PSIxIiB2aXNpYmlsaXR5PSJmYWxzZSIgZmlsbD0iI2Q3ZDdkNyI+PC9wYXRoPgo8L3N2Zz4K" alt="Stop &amp; Shop Italian Sausage Sweet - 5 ct Fresh" skeleton-box-size="9rem" class="product-grid-image object-contain"></div></div> <div class="mobile-product-list-cell_info"><div class="product-tile_detail"><div class="skeleton-loader_wrapper cursor-pointer"><div class="product-grid-cell_price-container product-grid-cell_price-container--mobile"><span class="product-grid-cell_main-price"><!---->
    $3.99
  </span> <!----></div> <!----></div> <!----></div> <div class="mobile-product-list-cell_name-content"><div class="skeleton-loader_wrapper"><div class="product-grid-cell_name"><a id="product-name-118909-16761547344262946" href="#" data-opens-modal="true" aria-haspopup="dialog" class="product-grid-cell_name-text product-grid-cell_name-text--clamp-2"><span class="vector-icon_inline-text--left mr-0"><div class="vector-icon-size--xsmall"><svg xmlns="http://www.w3.org/2000/svg" aria-label="Ahold Icon" viewBox="0 0 1024 945" role="presentation" aria-hidden="true" focusable="false" class=""><title lang="en">Ahold Icon</title><desc></desc><g fill="" stroke=""><g><path d="M1.893 730.617c-1.289-2.094-2.052-4.631-2.052-7.346 0-.747.058-1.481.169-2.197.158-12.396 10.227-22.466 22.687-22.634h895.306c12.476.168 22.545 10.237 22.713 22.698-.521 3.721-1.182 6.924-2.024 10.053l.131-.574c-86.363 175.072-263.598 293.385-468.466 293.385S88.254 905.689 3.252 733.663l-1.361-3.046z" fill="#F7A800" class="path1"></path> <path d="M107.889 132.495c1.893-1.893 1.893-3.786 3.786-5.678 2.98-3.491 7.385-5.69 12.303-5.69s9.323 2.199 12.284 5.668l.019.022L613.264 603.8c3.491 2.98 5.69 7.385 5.69 12.303s-2.199 9.323-5.668 12.284c-1.399 1.869-3.361 3.216-5.631 3.789l-.069.015c-38.446 13.732-82.796 21.669-129.001 21.669-108.416 0-206.626-43.699-277.977-114.443C130.241 467.591 86.799 369.1 86.799 260.462c0-45.803 7.722-89.803 21.936-130.767l-.845 2.8z" fill="#E2231A" class="path2"></path> <path d="M600.015 1.893a6.922 6.922 0 0 1 5.713-1.889c.057-.006.164-.007.272-.007 7.15 0 12.947 5.796 12.947 12.947 0 .108-.001.215-.004.322v-.016 503.482c.002.091.004.199.004.306 0 7.15-5.796 12.947-12.947 12.947-.108 0-.215-.001-.322-.004a6.925 6.925 0 0 1-5.665-1.895l.002.002c-98.273-48.542-164.673-148.065-164.673-263.098S501.743 50.434 598.306 2.657l1.709-.765z" fill="#712177" class="path3"></path> <path d="M938.824 283.919c1.893 0 1.893 1.893 3.786 1.893 1.765 2.012 2.841 4.666 2.841 7.571s-1.077 5.559-2.853 7.584l.011-.013-268.776 266.884c-2.012 1.765-4.666 2.841-7.571 2.841s-5.559-1.077-7.584-2.853a3.774 3.774 0 0 1-1.877-3.793l-.002.019c-7.681-21.529-12.12-46.363-12.12-72.235 0-61.263 24.891-116.712 65.111-156.786 39.326-39.792 93.895-64.431 154.219-64.431 26.857 0 52.573 4.884 76.309 13.812l-1.494-.493z" fill="#82BC00" class="path4"></path></g></g></svg></div></span>
    Stop &amp; Shop Italian Sausage Sweet - 5 ct Fresh
  </a></div> <!----> <!----></div> <div class="skeleton-loader_wrapper"><div class="product-grid-cell_sizes"><span class="product-grid-cell_size">
    16 OZ PKG
  </span> <span aria-hidden="true">
    |
  </span> <!----> <span class="product-grid-cell_unit">
    $3.99 / LB
  </span></div> <!----></div> <!----> <!----> <!----> <!----> <!----> <!----> <!----></div> <div class="mobile-product-list-cell_bottom"><div class="mobile-product-list-cell_bottom_cart-ui-wrapper"><!----> <!----> <div class="pdl-add-to-cart"><div class="pdl-add-to-cart_button"><button aria-label="Add to cart" data-product-id="118909" data-price="3.99" class="button button--add-to-cart">
      Add to cart
      <!----></button> <!----> <!----> <!----></div> <!----></div></div> <!----></div></div></div> <div class="product-tile_action-items"><!----> <!----> <div class="shopping-list-menu_container"><div class="relative-el"><button aria-label="add to shopping list" class="button pdl-product-detail_top-icon button--fourth pdl-product-detail_top-icon--borderless"><!----> <div class="vector-icon-size--large"><svg xmlns="http://www.w3.org/2000/svg" aria-label="Shopping List Icon Add" viewBox="0 0 32 32" role="presentation" aria-hidden="true" focusable="false" class="vector-icon-color--dark-grey"><title lang="en">Shopping List Icon Add</title><desc></desc><g fill="" stroke=""><g><path d="M21.94066,15.3368884 L21.94066,12.8931995 C21.94066,12.3409148 22.3883752,11.8931995 22.94066,11.8931995 C23.4929447,11.8931995 23.94066,12.3409148 23.94066,12.8931995 L23.94066,15.3368884 L26.2522624,15.3368884 C26.8045471,15.3368884 27.2522624,15.7846037 27.2522624,16.3368884 C27.2522624,16.8891732 26.8045471,17.3368884 26.2522624,17.3368884 L23.94066,17.3368884 L23.94066,19.8787952 C23.94066,20.43108 23.4929447,20.8787952 22.94066,20.8787952 C22.3883752,20.8787952 21.94066,20.43108 21.94066,19.8787952 L21.94066,17.3368884 L19.2666667,17.3368884 C18.7143819,17.3368884 18.2666667,16.8891732 18.2666667,16.3368884 C18.2666667,15.7846037 18.7143819,15.3368884 19.2666667,15.3368884 L21.94066,15.3368884 Z M8,12 C7.44771525,12 7,11.5522847 7,11 C7,10.4477153 7.44771525,10 8,10 L19.1153581,10 C19.6676429,10 20.1153581,10.4477153 20.1153581,11 C20.1153581,11.5522847 19.6676429,12 19.1153581,12 L8,12 Z M8,17.3368884 C7.44771525,17.3368884 7,16.8891732 7,16.3368884 C7,15.7846037 7.44771525,15.3368884 8,15.3368884 L14.7200696,15.3368884 C15.2723543,15.3368884 15.7200696,15.7846037 15.7200696,16.3368884 C15.7200696,16.8891732 15.2723543,17.3368884 14.7200696,17.3368884 L8,17.3368884 Z M8,23 C7.44771525,23 7,22.5522847 7,22 C7,21.4477153 7.44771525,21 8,21 L19.1153581,21 C19.6676429,21 20.1153581,21.4477153 20.1153581,22 C20.1153581,22.5522847 19.6676429,23 19.1153581,23 L8,23 Z" fill="#000000" fill-rule="nonzero"></path></g></g></svg></div> <div class="pdl-product-detail_list-tooltip"><p>Add item to shopping list</p> <em></em></div></button></div></div></div> <!----></li> <!----><!----> <!----> <!----> <!----> <li tabindex="-1" data-product-id="51568" class="slot mobile-product-list-cell"><!----> <!----> <!----> <!----> <div class="mobile-product-list-cell_content"><div><!----> <div class="flag_outer-container"><!----> <!----> <!----> <!----></div></div> <div class="mobile-product-list-cell_left"><div><!----> <img src="data:image/svg+xml;base64,PD94bWwgdmVyc2lvbj0iMS4wIiBlbmNvZGluZz0idXRmLTgiPz4KPCEtLSBHZW5lcmF0ZWQgYnkgSWNvTW9vbi5pbyAtLT4KPCFET0NUWVBFIHN2ZyBQVUJMSUMgIi0vL1czQy8vRFREIFNWRyAxLjEvL0VOIiAiaHR0cDovL3d3dy53My5vcmcvR3JhcGhpY3MvU1ZHLzEuMS9EVEQvc3ZnMTEuZHRkIj4KPHN2ZyB2ZXJzaW9uPSIxLjEiIHhtbG5zPSJodHRwOi8vd3d3LnczLm9yZy8yMDAwL3N2ZyIgeG1sbnM6eGxpbms9Imh0dHA6Ly93d3cudzMub3JnLzE5OTkveGxpbmsiIHdpZHRoPSI0OCIgaGVpZ2h0PSI0OCIgdmlld0JveD0iMCAwIDQ4IDQ4Ij4KPGcgaWQ9Imljb21vb24taWdub3JlIj4KCTxsaW5lIHN0cm9rZS13aWR0aD0iMSIgeDE9IiIgeTE9IiIgeDI9IiIgeTI9IiIgc3Ryb2tlPSIjNDQ5RkRCIiBvcGFjaXR5PSIiPjwvbGluZT4KPC9nPgoJPHBhdGggZD0iTTM4LjQ4IDkuMDcwYzAuMjQ4IDAgMC40NSAwLjIwMiAwLjQ1IDAuNDV2MjguOTU5YzAgMC4yNDgtMC4yMDIgMC40NS0wLjQ1IDAuNDVoLTI4Ljk1OWMtMC4yNDggMC0wLjQ1LTAuMjAyLTAuNDUtMC40NXYtMjguOTU5YzAtMC4yNDggMC4yMDItMC40NSAwLjQ1LTAuNDVoMjguOTU5ek0zOC40OCA4aC0yOC45NTljLTAuODQgMC0xLjUyIDAuNjgxLTEuNTIgMS41MjF2MjguOTU5YzAgMC44NCAwLjY4MSAxLjUyMSAxLjUyIDEuNTIxaDI4Ljk1OWMwLjg0IDAgMS41Mi0wLjY4MSAxLjUyLTEuNTIxdi0yOC45NTljMC0wLjg0LTAuNjgxLTEuNTIxLTEuNTItMS41MjF2MHoiIG9wYWNpdHk9IjEiIHZpc2liaWxpdHk9ImZhbHNlIiBmaWxsPSIjZDdkN2Q3Ij48L3BhdGg+Cgk8cGF0aCBkPSJNMTIuMjI4IDM1LjIyNHYtMy4zMjljMC0wLjE0NSAwLjA1OC0wLjI4NSAwLjE2LTAuMzg4bDUuNTg3LTUuNTg3YzAuMjE0LTAuMjE0IDAuNTYxLTAuMjE0IDAuNzc1IDBsMi4xMTkgMi4xMTljMC4yMTQgMC4yMTQgMC41NjEgMC4yMTQgMC43NzUgMGw4LjE5MS04LjE5MmMwLjIxNC0wLjIxNCAwLjU2MS0wLjIxNCAwLjc3NSAwbDUgNWMwLjEwMyAwLjEwMyAwLjE2IDAuMjQyIDAuMTYgMC4zODh2OS45ODhjMCAwLjMwMy0wLjI0NSAwLjU0OC0wLjU0OCAwLjU0OGgtMjIuNDQ3Yy0wLjMwMyAwLTAuNTQ4LTAuMjQ1LTAuNTQ4LTAuNTQ4eiIgb3BhY2l0eT0iMSIgdmlzaWJpbGl0eT0iZmFsc2UiIGZpbGw9IiNkN2Q3ZDciPjwvcGF0aD4KCTxwYXRoIGQ9Ik0yMS41NDQgMTcuOTY3YzAgMS45ODItMS42MDYgMy41ODgtMy41ODggMy41ODhzLTMuNTg4LTEuNjA2LTMuNTg4LTMuNTg4YzAtMS45ODEgMS42MDYtMy41ODggMy41ODgtMy41ODhzMy41ODggMS42MDYgMy41ODggMy41ODh6IiBvcGFjaXR5PSIxIiB2aXNpYmlsaXR5PSJmYWxzZSIgZmlsbD0iI2Q3ZDdkNyI+PC9wYXRoPgo8L3N2Zz4K" alt="Pepperidge Farm Farmhouse Hearty White Bread" skeleton-box-size="9rem" class="product-grid-image object-contain"></div></div> <div class="mobile-product-list-cell_info"><div class="product-tile_detail"><div class="skeleton-loader_wrapper cursor-pointer"><div class="product-grid-cell_price-container product-grid-cell_price-container--mobile"><span class="product-grid-cell_main-price"><!---->
    $4.99
  </span> <!----></div> <!----></div> <!----></div> <div class="mobile-product-list-cell_name-content"><div class="skeleton-loader_wrapper"><div class="product-grid-cell_name"><a id="product-name-51568-16761547344296767" href="#" data-opens-modal="true" aria-haspopup="dialog" class="product-grid-cell_name-text product-grid-cell_name-text--clamp-2"><!---->
    Pepperidge Farm Farmhouse Hearty White Bread
  </a></div> <!----> <!----></div> <div class="skeleton-loader_wrapper"><div class="product-grid-cell_sizes"><span class="product-grid-cell_size">
    24 OZ PKG
  </span> <span aria-hidden="true">
    |
  </span> <!----> <span class="product-grid-cell_unit">
    $0.21 / OZ
  </span></div> <!----></div> <!----> <!----> <!----> <!----> <!----> <!----> <!----></div> <div class="mobile-product-list-cell_bottom"><div class="mobile-product-list-cell_bottom_cart-ui-wrapper"><!----> <!----> <div class="pdl-add-to-cart"><div class="pdl-add-to-cart_button"><button aria-label="Add to cart" data-product-id="51568" data-price="4.99" class="button button--add-to-cart">
      Add to cart
      <!----></button> <!----> <!----> <!----></div> <!----></div></div> <!----></div></div></div> <div class="product-tile_action-items"><!----> <!----> <div class="shopping-list-menu_container"><div class="relative-el"><button aria-label="add to shopping list" class="button pdl-product-detail_top-icon button--fourth pdl-product-detail_top-icon--borderless"><!----> <div class="vector-icon-size--large"><svg xmlns="http://www.w3.org/2000/svg" aria-label="Shopping List Icon Add" viewBox="0 0 32 32" role="presentation" aria-hidden="true" focusable="false" class="vector-icon-color--dark-grey"><title lang="en">Shopping List Icon Add</title><desc></desc><g fill="" stroke=""><g><path d="M21.94066,15.3368884 L21.94066,12.8931995 C21.94066,12.3409148 22.3883752,11.8931995 22.94066,11.8931995 C23.4929447,11.8931995 23.94066,12.3409148 23.94066,12.8931995 L23.94066,15.3368884 L26.2522624,15.3368884 C26.8045471,15.3368884 27.2522624,15.7846037 27.2522624,16.3368884 C27.2522624,16.8891732 26.8045471,17.3368884 26.2522624,17.3368884 L23.94066,17.3368884 L23.94066,19.8787952 C23.94066,20.43108 23.4929447,20.8787952 22.94066,20.8787952 C22.3883752,20.8787952 21.94066,20.43108 21.94066,19.8787952 L21.94066,17.3368884 L19.2666667,17.3368884 C18.7143819,17.3368884 18.2666667,16.8891732 18.2666667,16.3368884 C18.2666667,15.7846037 18.7143819,15.3368884 19.2666667,15.3368884 L21.94066,15.3368884 Z M8,12 C7.44771525,12 7,11.5522847 7,11 C7,10.4477153 7.44771525,10 8,10 L19.1153581,10 C19.6676429,10 20.1153581,10.4477153 20.1153581,11 C20.1153581,11.5522847 19.6676429,12 19.1153581,12 L8,12 Z M8,17.3368884 C7.44771525,17.3368884 7,16.8891732 7,16.3368884 C7,15.7846037 7.44771525,15.3368884 8,15.3368884 L14.7200696,15.3368884 C15.2723543,15.3368884 15.7200696,15.7846037 15.7200696,16.3368884 C15.7200696,16.8891732 15.2723543,17.3368884 14.7200696,17.3368884 L8,17.3368884 Z M8,23 C7.44771525,23 7,22.5522847 7,22 C7,21.4477153 7.44771525,21 8,21 L19.1153581,21 C19.6676429,21 20.1153581,21.4477153 20.1153581,22 C20.1153581,22.5522847 19.6676429,23 19.1153581,23 L8,23 Z" fill="#000000" fill-rule="nonzero"></path></g></g></svg></div> <div class="pdl-product-detail_list-tooltip"><p>Add item to shopping list</p> <em></em></div></button></div></div></div> <!----></li> <!----><!----> <!----> <!----> <!----> <li tabindex="-1" data-product-id="56402" class="slot mobile-product-list-cell"><!----> <!----> <!----> <!----> <div class="mobile-product-list-cell_content"><div><!----> <div class="flag_outer-container"><div class=""><svg xmlns="http://www.w3.org/2000/svg" aria-label="Sale" viewBox="0 0 32 32" role="presentation" aria-hidden="true" focusable="false" class="w-20 ml-3"><title lang="en">Sale</title><desc></desc><g fill="" stroke=""><g><path d="M16.56 19.87a3.81 3.81 0 0 1-1-.13l-13.39-3.5a1.5 1.5 0 0 1-1.12-1.34l-.81-11a1.52 1.52 0 0 1 1.39-1.61l27.69-2h.11a1.51 1.51 0 0 1 1.5 1.4l.82 11a1.52 1.52 0 0 1-.91 1.5l-12.72 5.36a3.79 3.79 0 0 1-1.56.32Z" fill="#ed1256"></path><path fill="#fff" d="M29.43.48a1.26 1.26 0 0 1 1.26 1.17l.82 11a1.27 1.27 0 0 1-.76 1.26L18 19.34a3.72 3.72 0 0 1-1.47.3 3.79 3.79 0 0 1-.94-.12L2.24 16a1.27 1.27 0 0 1-1-1.13l-.81-11a1.26 1.26 0 0 1 1.22-1.33L29.34.48h.09m0-.48h-.13L1.62 2A1.76 1.76 0 0 0 0 3.92l.82 11a1.73 1.73 0 0 0 1.3 1.55L15.5 20a4.3 4.3 0 0 0 1.07.14 4.24 4.24 0 0 0 1.65-.34l12.72-5.44A1.76 1.76 0 0 0 32 12.59l-.82-11A1.76 1.76 0 0 0 29.43 0Z"></path><path fill="#fff" d="M3.74 9.87a3 3 0 0 0 .82.55 2.21 2.21 0 0 0 1.08.19 1.6 1.6 0 0 0 .29 0 1 1 0 0 0 .26-.12.58.58 0 0 0 .18-.2.62.62 0 0 0 0-.31.59.59 0 0 0-.32-.49 3.38 3.38 0 0 0-.85-.34L4.84 9a4.19 4.19 0 0 1-.69-.26 2.44 2.44 0 0 1-.63-.41 1.92 1.92 0 0 1-.7-1.42 2.68 2.68 0 0 1 .1-1A2.2 2.2 0 0 1 3.39 5a2.42 2.42 0 0 1 .82-.6 3.15 3.15 0 0 1 1.17-.28 3.68 3.68 0 0 1 1.72.24 3 3 0 0 1 .57.29A2.66 2.66 0 0 1 8 5l-.82 1.37a4.42 4.42 0 0 0-.82-.45 2 2 0 0 0-.85-.13 1.4 1.4 0 0 0-.28.06A.9.9 0 0 0 5 6a.62.62 0 0 0-.16.2.5.5 0 0 0 0 .28.6.6 0 0 0 .1.31.68.68 0 0 0 .24.2 1.27 1.27 0 0 0 .35.15l.43.13.35.09a7.49 7.49 0 0 1 .69.22 2.2 2.2 0 0 1 .72.42 2.46 2.46 0 0 1 .54.68 2.31 2.31 0 0 1 .27 1 2.15 2.15 0 0 1-.15 1 2.53 2.53 0 0 1-.56.84 2.77 2.77 0 0 1-.88.59 4 4 0 0 1-1.11.27A4.67 4.67 0 0 1 4 12.25a3.79 3.79 0 0 1-1.28-.75ZM11.29 3.89l2.17-.16 3.1 7.7-2 .15L14 10l-2.39.18-.35 1.67-2 .14Zm2.15 4.6-1-2.84-.61 2.95ZM17 3.47l1.89-.14.44 6 3.3-.25.16 1.92-5.19.39ZM23.36 3l5.13-.38.13 1.8-3.24.24.09 1.22 2.66-.2.12 1.7-2.65.2.09 1.35 3.46-.26.13 1.81-5.34.4Z"></path></g></g></svg></div> <!----> <!----> <!----></div></div> <div class="mobile-product-list-cell_left"><div><!----> <img src="data:image/svg+xml;base64,PD94bWwgdmVyc2lvbj0iMS4wIiBlbmNvZGluZz0idXRmLTgiPz4KPCEtLSBHZW5lcmF0ZWQgYnkgSWNvTW9vbi5pbyAtLT4KPCFET0NUWVBFIHN2ZyBQVUJMSUMgIi0vL1czQy8vRFREIFNWRyAxLjEvL0VOIiAiaHR0cDovL3d3dy53My5vcmcvR3JhcGhpY3MvU1ZHLzEuMS9EVEQvc3ZnMTEuZHRkIj4KPHN2ZyB2ZXJzaW9uPSIxLjEiIHhtbG5zPSJodHRwOi8vd3d3LnczLm9yZy8yMDAwL3N2ZyIgeG1sbnM6eGxpbms9Imh0dHA6Ly93d3cudzMub3JnLzE5OTkveGxpbmsiIHdpZHRoPSI0OCIgaGVpZ2h0PSI0OCIgdmlld0JveD0iMCAwIDQ4IDQ4Ij4KPGcgaWQ9Imljb21vb24taWdub3JlIj4KCTxsaW5lIHN0cm9rZS13aWR0aD0iMSIgeDE9IiIgeTE9IiIgeDI9IiIgeTI9IiIgc3Ryb2tlPSIjNDQ5RkRCIiBvcGFjaXR5PSIiPjwvbGluZT4KPC9nPgoJPHBhdGggZD0iTTM4LjQ4IDkuMDcwYzAuMjQ4IDAgMC40NSAwLjIwMiAwLjQ1IDAuNDV2MjguOTU5YzAgMC4yNDgtMC4yMDIgMC40NS0wLjQ1IDAuNDVoLTI4Ljk1OWMtMC4yNDggMC0wLjQ1LTAuMjAyLTAuNDUtMC40NXYtMjguOTU5YzAtMC4yNDggMC4yMDItMC40NSAwLjQ1LTAuNDVoMjguOTU5ek0zOC40OCA4aC0yOC45NTljLTAuODQgMC0xLjUyIDAuNjgxLTEuNTIgMS41MjF2MjguOTU5YzAgMC44NCAwLjY4MSAxLjUyMSAxLjUyIDEuNTIxaDI4Ljk1OWMwLjg0IDAgMS41Mi0wLjY4MSAxLjUyLTEuNTIxdi0yOC45NTljMC0wLjg0LTAuNjgxLTEuNTIxLTEuNTItMS41MjF2MHoiIG9wYWNpdHk9IjEiIHZpc2liaWxpdHk9ImZhbHNlIiBmaWxsPSIjZDdkN2Q3Ij48L3BhdGg+Cgk8cGF0aCBkPSJNMTIuMjI4IDM1LjIyNHYtMy4zMjljMC0wLjE0NSAwLjA1OC0wLjI4NSAwLjE2LTAuMzg4bDUuNTg3LTUuNTg3YzAuMjE0LTAuMjE0IDAuNTYxLTAuMjE0IDAuNzc1IDBsMi4xMTkgMi4xMTljMC4yMTQgMC4yMTQgMC41NjEgMC4yMTQgMC43NzUgMGw4LjE5MS04LjE5MmMwLjIxNC0wLjIxNCAwLjU2MS0wLjIxNCAwLjc3NSAwbDUgNWMwLjEwMyAwLjEwMyAwLjE2IDAuMjQyIDAuMTYgMC4zODh2OS45ODhjMCAwLjMwMy0wLjI0NSAwLjU0OC0wLjU0OCAwLjU0OGgtMjIuNDQ3Yy0wLjMwMyAwLTAuNTQ4LTAuMjQ1LTAuNTQ4LTAuNTQ4eiIgb3BhY2l0eT0iMSIgdmlzaWJpbGl0eT0iZmFsc2UiIGZpbGw9IiNkN2Q3ZDciPjwvcGF0aD4KCTxwYXRoIGQ9Ik0yMS41NDQgMTcuOTY3YzAgMS45ODItMS42MDYgMy41ODgtMy41ODggMy41ODhzLTMuNTg4LTEuNjA2LTMuNTg4LTMuNTg4YzAtMS45ODEgMS42MDYtMy41ODggMy41ODgtMy41ODhzMy41ODggMS42MDYgMy41ODggMy41ODh6IiBvcGFjaXR5PSIxIiB2aXNpYmlsaXR5PSJmYWxzZSIgZmlsbD0iI2Q3ZDdkNyI+PC9wYXRoPgo8L3N2Zz4K" alt="Stop &amp; Shop Light Red Kidney Beans" skeleton-box-size="9rem" class="product-grid-image object-contain"></div></div> <div class="mobile-product-list-cell_info"><div class="product-tile_detail"><div class="skeleton-loader_wrapper cursor-pointer"><div class="product-grid-cell_price-container product-grid-cell_price-container_column product-grid-cell_price-container--mobile"><span class="product-grid-cell_main-price product-grid-cell_main-price--on-sale"><span class="sr-only">
      Sale Price
    </span>
    $0.88
  </span> <div class="product-grid-cell_was-container"><span class="product-grid-cell_regular-price product-grid-cell_regular-price--small"><span class="sr-only">
        Original Price
      </span>
      $1.09
    </span></div></div> <!----></div> <!----></div> <div class="mobile-product-list-cell_name-content"><div class="skeleton-loader_wrapper"><div class="product-grid-cell_name"><a id="product-name-56402-16761547344312925" href="#" data-opens-modal="true" aria-haspopup="dialog" class="product-grid-cell_name-text product-grid-cell_name-text--clamp-2"><span class="vector-icon_inline-text--left mr-0"><div class="vector-icon-size--xsmall"><svg xmlns="http://www.w3.org/2000/svg" aria-label="Ahold Icon" viewBox="0 0 1024 945" role="presentation" aria-hidden="true" focusable="false" class=""><title lang="en">Ahold Icon</title><desc></desc><g fill="" stroke=""><g><path d="M1.893 730.617c-1.289-2.094-2.052-4.631-2.052-7.346 0-.747.058-1.481.169-2.197.158-12.396 10.227-22.466 22.687-22.634h895.306c12.476.168 22.545 10.237 22.713 22.698-.521 3.721-1.182 6.924-2.024 10.053l.131-.574c-86.363 175.072-263.598 293.385-468.466 293.385S88.254 905.689 3.252 733.663l-1.361-3.046z" fill="#F7A800" class="path1"></path> <path d="M107.889 132.495c1.893-1.893 1.893-3.786 3.786-5.678 2.98-3.491 7.385-5.69 12.303-5.69s9.323 2.199 12.284 5.668l.019.022L613.264 603.8c3.491 2.98 5.69 7.385 5.69 12.303s-2.199 9.323-5.668 12.284c-1.399 1.869-3.361 3.216-5.631 3.789l-.069.015c-38.446 13.732-82.796 21.669-129.001 21.669-108.416 0-206.626-43.699-277.977-114.443C130.241 467.591 86.799 369.1 86.799 260.462c0-45.803 7.722-89.803 21.936-130.767l-.845 2.8z" fill="#E2231A" class="path2"></path> <path d="M600.015 1.893a6.922 6.922 0 0 1 5.713-1.889c.057-.006.164-.007.272-.007 7.15 0 12.947 5.796 12.947 12.947 0 .108-.001.215-.004.322v-.016 503.482c.002.091.004.199.004.306 0 7.15-5.796 12.947-12.947 12.947-.108 0-.215-.001-.322-.004a6.925 6.925 0 0 1-5.665-1.895l.002.002c-98.273-48.542-164.673-148.065-164.673-263.098S501.743 50.434 598.306 2.657l1.709-.765z" fill="#712177" class="path3"></path> <path d="M938.824 283.919c1.893 0 1.893 1.893 3.786 1.893 1.765 2.012 2.841 4.666 2.841 7.571s-1.077 5.559-2.853 7.584l.011-.013-268.776 266.884c-2.012 1.765-4.666 2.841-7.571 2.841s-5.559-1.077-7.584-2.853a3.774 3.774 0 0 1-1.877-3.793l-.002.019c-7.681-21.529-12.12-46.363-12.12-72.235 0-61.263 24.891-116.712 65.111-156.786 39.326-39.792 93.895-64.431 154.219-64.431 26.857 0 52.573 4.884 76.309 13.812l-1.494-.493z" fill="#82BC00" class="path4"></path></g></g></svg></div></span>
    Stop &amp; Shop Light Red Kidney Beans
  </a></div> <!----> <!----></div> <div class="skeleton-loader_wrapper"><div class="product-grid-cell_sizes"><span class="product-grid-cell_size">
    15.5 OZ CAN
  </span> <span aria-hidden="true">
    |
  </span> <!----> <span class="product-grid-cell_unit">
    $0.06 / OZ
  </span></div> <!----></div> <!----> <div id="coupon-link-56402-16761547344312925" tabindex="0" role="link" aria-label="Open coupon details" data-opens-modal="true" class="product-tile_coupon-offer product-tile_coupon-offer-eci product-tile_coupon-offer--mobile" is-mobile="true"><div class="product-tile_coupon-offer-display"><!----> <div class="vector-icon_mobile-center"><!----></div> <div class="product-tile_coupon-offer-name flex-center product-tile_coupon-offer-name--full-tile"><!---->
      Must buy Stop &amp; Shop 85% Lean Ground Beef, and get an additional three items free. Must add a total of four items to cart. Limit one per transaction.
    </div></div> <!----> <div class="product-tile_coupon-offer-loading-coupon"><!----></div></div> <!----> <!----> <!----> <!----> <!----></div> <div class="mobile-product-list-cell_bottom"><div class="mobile-product-list-cell_bottom_cart-ui-wrapper"><!----> <!----> <div class="pdl-add-to-cart"><div class="pdl-add-to-cart_button"><button aria-label="Add to cart" data-product-id="56402" data-price="0.88" class="button button--add-to-cart add-sale">
      Add to cart
      <!----></button> <!----> <!----> <!----></div> <!----></div></div> <!----></div></div></div> <div class="product-tile_action-items"><!----> <!----> <div class="shopping-list-menu_container"><div class="relative-el"><button aria-label="add to shopping list" class="button pdl-product-detail_top-icon button--fourth pdl-product-detail_top-icon--borderless"><!----> <div class="vector-icon-size--large"><svg xmlns="http://www.w3.org/2000/svg" aria-label="Shopping List Icon Add" viewBox="0 0 32 32" role="presentation" aria-hidden="true" focusable="false" class="vector-icon-color--dark-grey"><title lang="en">Shopping List Icon Add</title><desc></desc><g fill="" stroke=""><g><path d="M21.94066,15.3368884 L21.94066,12.8931995 C21.94066,12.3409148 22.3883752,11.8931995 22.94066,11.8931995 C23.4929447,11.8931995 23.94066,12.3409148 23.94066,12.8931995 L23.94066,15.3368884 L26.2522624,15.3368884 C26.8045471,15.3368884 27.2522624,15.7846037 27.2522624,16.3368884 C27.2522624,16.8891732 26.8045471,17.3368884 26.2522624,17.3368884 L23.94066,17.3368884 L23.94066,19.8787952 C23.94066,20.43108 23.4929447,20.8787952 22.94066,20.8787952 C22.3883752,20.8787952 21.94066,20.43108 21.94066,19.8787952 L21.94066,17.3368884 L19.2666667,17.3368884 C18.7143819,17.3368884 18.2666667,16.8891732 18.2666667,16.3368884 C18.2666667,15.7846037 18.7143819,15.3368884 19.2666667,15.3368884 L21.94066,15.3368884 Z M8,12 C7.44771525,12 7,11.5522847 7,11 C7,10.4477153 7.44771525,10 8,10 L19.1153581,10 C19.6676429,10 20.1153581,10.4477153 20.1153581,11 C20.1153581,11.5522847 19.6676429,12 19.1153581,12 L8,12 Z M8,17.3368884 C7.44771525,17.3368884 7,16.8891732 7,16.3368884 C7,15.7846037 7.44771525,15.3368884 8,15.3368884 L14.7200696,15.3368884 C15.2723543,15.3368884 15.7200696,15.7846037 15.7200696,16.3368884 C15.7200696,16.8891732 15.2723543,17.3368884 14.7200696,17.3368884 L8,17.3368884 Z M8,23 C7.44771525,23 7,22.5522847 7,22 C7,21.4477153 7.44771525,21 8,21 L19.1153581,21 C19.6676429,21 20.1153581,21.4477153 20.1153581,22 C20.1153581,22.5522847 19.6676429,23 19.1153581,23 L8,23 Z" fill="#000000" fill-rule="nonzero"></path></g></g></svg></div> <div class="pdl-product-detail_list-tooltip"><p>Add item to shopping list</p> <em></em></div></button></div></div></div> <!----></li> <!----><!----> <!----> <!----> <!----> <li tabindex="-1" data-product-id="202650" class="slot mobile-product-list-cell"><!----> <!----> <!----> <!----> <div class="mobile-product-list-cell_content"><div><!----> <div class="flag_outer-container"><!----> <!----> <!----> <!----></div></div> <div class="mobile-product-list-cell_left"><div><!----> <img src="data:image/svg+xml;base64,PD94bWwgdmVyc2lvbj0iMS4wIiBlbmNvZGluZz0idXRmLTgiPz4KPCEtLSBHZW5lcmF0ZWQgYnkgSWNvTW9vbi5pbyAtLT4KPCFET0NUWVBFIHN2ZyBQVUJMSUMgIi0vL1czQy8vRFREIFNWRyAxLjEvL0VOIiAiaHR0cDovL3d3dy53My5vcmcvR3JhcGhpY3MvU1ZHLzEuMS9EVEQvc3ZnMTEuZHRkIj4KPHN2ZyB2ZXJzaW9uPSIxLjEiIHhtbG5zPSJodHRwOi8vd3d3LnczLm9yZy8yMDAwL3N2ZyIgeG1sbnM6eGxpbms9Imh0dHA6Ly93d3cudzMub3JnLzE5OTkveGxpbmsiIHdpZHRoPSI0OCIgaGVpZ2h0PSI0OCIgdmlld0JveD0iMCAwIDQ4IDQ4Ij4KPGcgaWQ9Imljb21vb24taWdub3JlIj4KCTxsaW5lIHN0cm9rZS13aWR0aD0iMSIgeDE9IiIgeTE9IiIgeDI9IiIgeTI9IiIgc3Ryb2tlPSIjNDQ5RkRCIiBvcGFjaXR5PSIiPjwvbGluZT4KPC9nPgoJPHBhdGggZD0iTTM4LjQ4IDkuMDcwYzAuMjQ4IDAgMC40NSAwLjIwMiAwLjQ1IDAuNDV2MjguOTU5YzAgMC4yNDgtMC4yMDIgMC40NS0wLjQ1IDAuNDVoLTI4Ljk1OWMtMC4yNDggMC0wLjQ1LTAuMjAyLTAuNDUtMC40NXYtMjguOTU5YzAtMC4yNDggMC4yMDItMC40NSAwLjQ1LTAuNDVoMjguOTU5ek0zOC40OCA4aC0yOC45NTljLTAuODQgMC0xLjUyIDAuNjgxLTEuNTIgMS41MjF2MjguOTU5YzAgMC44NCAwLjY4MSAxLjUyMSAxLjUyIDEuNTIxaDI4Ljk1OWMwLjg0IDAgMS41Mi0wLjY4MSAxLjUyLTEuNTIxdi0yOC45NTljMC0wLjg0LTAuNjgxLTEuNTIxLTEuNTItMS41MjF2MHoiIG9wYWNpdHk9IjEiIHZpc2liaWxpdHk9ImZhbHNlIiBmaWxsPSIjZDdkN2Q3Ij48L3BhdGg+Cgk8cGF0aCBkPSJNMTIuMjI4IDM1LjIyNHYtMy4zMjljMC0wLjE0NSAwLjA1OC0wLjI4NSAwLjE2LTAuMzg4bDUuNTg3LTUuNTg3YzAuMjE0LTAuMjE0IDAuNTYxLTAuMjE0IDAuNzc1IDBsMi4xMTkgMi4xMTljMC4yMTQgMC4yMTQgMC41NjEgMC4yMTQgMC43NzUgMGw4LjE5MS04LjE5MmMwLjIxNC0wLjIxNCAwLjU2MS0wLjIxNCAwLjc3NSAwbDUgNWMwLjEwMyAwLjEwMyAwLjE2IDAuMjQyIDAuMTYgMC4zODh2OS45ODhjMCAwLjMwMy0wLjI0NSAwLjU0OC0wLjU0OCAwLjU0OGgtMjIuNDQ3Yy0wLjMwMyAwLTAuNTQ4LTAuMjQ1LTAuNTQ4LTAuNTQ4eiIgb3BhY2l0eT0iMSIgdmlzaWJpbGl0eT0iZmFsc2UiIGZpbGw9IiNkN2Q3ZDciPjwvcGF0aD4KCTxwYXRoIGQ9Ik0yMS41NDQgMTcuOTY3YzAgMS45ODItMS42MDYgMy41ODgtMy41ODggMy41ODhzLTMuNTg4LTEuNjA2LTMuNTg4LTMuNTg4YzAtMS45ODEgMS42MDYtMy41ODggMy41ODgtMy41ODhzMy41ODggMS42MDYgMy41ODggMy41ODh6IiBvcGFjaXR5PSIxIiB2aXNpYmlsaXR5PSJmYWxzZSIgZmlsbD0iI2Q3ZDdkNyI+PC9wYXRoPgo8L3N2Zz4K" alt="Stop &amp; Shop Mozzarella Cheese Whole Milk Traditionally Shredded" skeleton-box-size="9rem" class="product-grid-image object-contain"></div></div> <div class="mobile-product-list-cell_info"><div class="product-tile_detail"><div class="skeleton-loader_wrapper cursor-pointer"><div class="product-grid-cell_price-container product-grid-cell_price-container--mobile"><span class="product-grid-cell_main-price"><!---->
    $2.79
  </span> <!----></div> <!----></div> <!----></div> <div class="mobile-product-list-cell_name-content"><div class="skeleton-loader_wrapper"><div class="product-grid-cell_name"><a id="product-name-202650-16761547344354525" href="#" data-opens-modal="true" aria-haspopup="dialog" class="product-grid-cell_name-text product-grid-cell_name-text--clamp-2"><span class="vector-icon_inline-text--left mr-0"><div class="vector-icon-size--xsmall"><svg xmlns="http://www.w3.org/2000/svg" aria-label="Ahold Icon" viewBox="0 0 1024 945" role="presentation" aria-hidden="true" focusable="false" class=""><title lang="en">Ahold Icon</title><desc></desc><g fill="" stroke=""><g><path d="M1.893 730.617c-1.289-2.094-2.052-4.631-2.052-7.346 0-.747.058-1.481.169-2.197.158-12.396 10.227-22.466 22.687-22.634h895.306c12.476.168 22.545 10.237 22.713 22.698-.521 3.721-1.182 6.924-2.024 10.053l.131-.574c-86.363 175.072-263.598 293.385-468.466 293.385S88.254 905.689 3.252 733.663l-1.361-3.046z" fill="#F7A800" class="path1"></path> <path d="M107.889 132.495c1.893-1.893 1.893-3.786 3.786-5.678 2.98-3.491 7.385-5.69 12.303-5.69s9.323 2.199 12.284 5.668l.019.022L613.264 603.8c3.491 2.98 5.69 7.385 5.69 12.303s-2.199 9.323-5.668 12.284c-1.399 1.869-3.361 3.216-5.631 3.789l-.069.015c-38.446 13.732-82.796 21.669-129.001 21.669-108.416 0-206.626-43.699-277.977-114.443C130.241 467.591 86.799 369.1 86.799 260.462c0-45.803 7.722-89.803 21.936-130.767l-.845 2.8z" fill="#E2231A" class="path2"></path> <path d="M600.015 1.893a6.922 6.922 0 0 1 5.713-1.889c.057-.006.164-.007.272-.007 7.15 0 12.947 5.796 12.947 12.947 0 .108-.001.215-.004.322v-.016 503.482c.002.091.004.199.004.306 0 7.15-5.796 12.947-12.947 12.947-.108 0-.215-.001-.322-.004a6.925 6.925 0 0 1-5.665-1.895l.002.002c-98.273-48.542-164.673-148.065-164.673-263.098S501.743 50.434 598.306 2.657l1.709-.765z" fill="#712177" class="path3"></path> <path d="M938.824 283.919c1.893 0 1.893 1.893 3.786 1.893 1.765 2.012 2.841 4.666 2.841 7.571s-1.077 5.559-2.853 7.584l.011-.013-268.776 266.884c-2.012 1.765-4.666 2.841-7.571 2.841s-5.559-1.077-7.584-2.853a3.774 3.774 0 0 1-1.877-3.793l-.002.019c-7.681-21.529-12.12-46.363-12.12-72.235 0-61.263 24.891-116.712 65.111-156.786 39.326-39.792 93.895-64.431 154.219-64.431 26.857 0 52.573 4.884 76.309 13.812l-1.494-.493z" fill="#82BC00" class="path4"></path></g></g></svg></div></span>
    Stop &amp; Shop Mozzarella Cheese Whole Milk Traditionally Shredded
  </a></div> <!----> <!----></div> <div class="skeleton-loader_wrapper"><div class="product-grid-cell_sizes"><span class="product-grid-cell_size">
    8 OZ BAG
  </span> <span aria-hidden="true">
    |
  </span> <!----> <span class="product-grid-cell_unit">
    $5.58 / LB
  </span></div> <!----></div> <!----> <!----> <!----> <!----> <!----> <!----> <!----></div> <div class="mobile-product-list-cell_bottom"><div class="mobile-product-list-cell_bottom_cart-ui-wrapper"><!----> <!----> <div class="pdl-add-to-cart"><div class="pdl-add-to-cart_button"><button aria-label="Add to cart" data-product-id="202650" data-price="2.79" class="button button--add-to-cart">
      Add to cart
      <!----></button> <!----> <!----> <!----></div> <!----></div></div> <!----></div></div></div> <div class="product-tile_action-items"><!----> <!----> <div class="shopping-list-menu_container"><div class="relative-el"><button aria-label="add to shopping list" class="button pdl-product-detail_top-icon button--fourth pdl-product-detail_top-icon--borderless"><!----> <div class="vector-icon-size--large"><svg xmlns="http://www.w3.org/2000/svg" aria-label="Shopping List Icon Add" viewBox="0 0 32 32" role="presentation" aria-hidden="true" focusable="false" class="vector-icon-color--dark-grey"><title lang="en">Shopping List Icon Add</title><desc></desc><g fill="" stroke=""><g><path d="M21.94066,15.3368884 L21.94066,12.8931995 C21.94066,12.3409148 22.3883752,11.8931995 22.94066,11.8931995 C23.4929447,11.8931995 23.94066,12.3409148 23.94066,12.8931995 L23.94066,15.3368884 L26.2522624,15.3368884 C26.8045471,15.3368884 27.2522624,15.7846037 27.2522624,16.3368884 C27.2522624,16.8891732 26.8045471,17.3368884 26.2522624,17.3368884 L23.94066,17.3368884 L23.94066,19.8787952 C23.94066,20.43108 23.4929447,20.8787952 22.94066,20.8787952 C22.3883752,20.8787952 21.94066,20.43108 21.94066,19.8787952 L21.94066,17.3368884 L19.2666667,17.3368884 C18.7143819,17.3368884 18.2666667,16.8891732 18.2666667,16.3368884 C18.2666667,15.7846037 18.7143819,15.3368884 19.2666667,15.3368884 L21.94066,15.3368884 Z M8,12 C7.44771525,12 7,11.5522847 7,11 C7,10.4477153 7.44771525,10 8,10 L19.1153581,10 C19.6676429,10 20.1153581,10.4477153 20.1153581,11 C20.1153581,11.5522847 19.6676429,12 19.1153581,12 L8,12 Z M8,17.3368884 C7.44771525,17.3368884 7,16.8891732 7,16.3368884 C7,15.7846037 7.44771525,15.3368884 8,15.3368884 L14.7200696,15.3368884 C15.2723543,15.3368884 15.7200696,15.7846037 15.7200696,16.3368884 C15.7200696,16.8891732 15.2723543,17.3368884 14.7200696,17.3368884 L8,17.3368884 Z M8,23 C7.44771525,23 7,22.5522847 7,22 C7,21.4477153 7.44771525,21 8,21 L19.1153581,21 C19.6676429,21 20.1153581,21.4477153 20.1153581,22 C20.1153581,22.5522847 19.6676429,23 19.1153581,23 L8,23 Z" fill="#000000" fill-rule="nonzero"></path></g></g></svg></div> <div class="pdl-product-detail_list-tooltip"><p>Add item to shopping list</p> <em></em></div></button></div></div></div> <!----></li> <!----><!----> <!----> <!----> <!----> <li tabindex="-1" data-product-id="136946" class="slot mobile-product-list-cell"><!----> <!----> <!----> <!----> <div class="mobile-product-list-cell_content"><div><!----> <div class="flag_outer-container"><div class=""><svg xmlns="http://www.w3.org/2000/svg" aria-label="Sale" viewBox="0 0 32 32" role="presentation" aria-hidden="true" focusable="false" class="w-20 ml-3"><title lang="en">Sale</title><desc></desc><g fill="" stroke=""><g><path d="M16.56 19.87a3.81 3.81 0 0 1-1-.13l-13.39-3.5a1.5 1.5 0 0 1-1.12-1.34l-.81-11a1.52 1.52 0 0 1 1.39-1.61l27.69-2h.11a1.51 1.51 0 0 1 1.5 1.4l.82 11a1.52 1.52 0 0 1-.91 1.5l-12.72 5.36a3.79 3.79 0 0 1-1.56.32Z" fill="#ed1256"></path><path fill="#fff" d="M29.43.48a1.26 1.26 0 0 1 1.26 1.17l.82 11a1.27 1.27 0 0 1-.76 1.26L18 19.34a3.72 3.72 0 0 1-1.47.3 3.79 3.79 0 0 1-.94-.12L2.24 16a1.27 1.27 0 0 1-1-1.13l-.81-11a1.26 1.26 0 0 1 1.22-1.33L29.34.48h.09m0-.48h-.13L1.62 2A1.76 1.76 0 0 0 0 3.92l.82 11a1.73 1.73 0 0 0 1.3 1.55L15.5 20a4.3 4.3 0 0 0 1.07.14 4.24 4.24 0 0 0 1.65-.34l12.72-5.44A1.76 1.76 0 0 0 32 12.59l-.82-11A1.76 1.76 0 0 0 29.43 0Z"></path><path fill="#fff" d="M3.74 9.87a3 3 0 0 0 .82.55 2.21 2.21 0 0 0 1.08.19 1.6 1.6 0 0 0 .29 0 1 1 0 0 0 .26-.12.58.58 0 0 0 .18-.2.62.62 0 0 0 0-.31.59.59 0 0 0-.32-.49 3.38 3.38 0 0 0-.85-.34L4.84 9a4.19 4.19 0 0 1-.69-.26 2.44 2.44 0 0 1-.63-.41 1.92 1.92 0 0 1-.7-1.42 2.68 2.68 0 0 1 .1-1A2.2 2.2 0 0 1 3.39 5a2.42 2.42 0 0 1 .82-.6 3.15 3.15 0 0 1 1.17-.28 3.68 3.68 0 0 1 1.72.24 3 3 0 0 1 .57.29A2.66 2.66 0 0 1 8 5l-.82 1.37a4.42 4.42 0 0 0-.82-.45 2 2 0 0 0-.85-.13 1.4 1.4 0 0 0-.28.06A.9.9 0 0 0 5 6a.62.62 0 0 0-.16.2.5.5 0 0 0 0 .28.6.6 0 0 0 .1.31.68.68 0 0 0 .24.2 1.27 1.27 0 0 0 .35.15l.43.13.35.09a7.49 7.49 0 0 1 .69.22 2.2 2.2 0 0 1 .72.42 2.46 2.46 0 0 1 .54.68 2.31 2.31 0 0 1 .27 1 2.15 2.15 0 0 1-.15 1 2.53 2.53 0 0 1-.56.84 2.77 2.77 0 0 1-.88.59 4 4 0 0 1-1.11.27A4.67 4.67 0 0 1 4 12.25a3.79 3.79 0 0 1-1.28-.75ZM11.29 3.89l2.17-.16 3.1 7.7-2 .15L14 10l-2.39.18-.35 1.67-2 .14Zm2.15 4.6-1-2.84-.61 2.95ZM17 3.47l1.89-.14.44 6 3.3-.25.16 1.92-5.19.39ZM23.36 3l5.13-.38.13 1.8-3.24.24.09 1.22 2.66-.2.12 1.7-2.65.2.09 1.35 3.46-.26.13 1.81-5.34.4Z"></path></g></g></svg></div> <!----> <!----> <!----></div></div> <div class="mobile-product-list-cell_left"><div><!----> <img src="data:image/svg+xml;base64,PD94bWwgdmVyc2lvbj0iMS4wIiBlbmNvZGluZz0idXRmLTgiPz4KPCEtLSBHZW5lcmF0ZWQgYnkgSWNvTW9vbi5pbyAtLT4KPCFET0NUWVBFIHN2ZyBQVUJMSUMgIi0vL1czQy8vRFREIFNWRyAxLjEvL0VOIiAiaHR0cDovL3d3dy53My5vcmcvR3JhcGhpY3MvU1ZHLzEuMS9EVEQvc3ZnMTEuZHRkIj4KPHN2ZyB2ZXJzaW9uPSIxLjEiIHhtbG5zPSJodHRwOi8vd3d3LnczLm9yZy8yMDAwL3N2ZyIgeG1sbnM6eGxpbms9Imh0dHA6Ly93d3cudzMub3JnLzE5OTkveGxpbmsiIHdpZHRoPSI0OCIgaGVpZ2h0PSI0OCIgdmlld0JveD0iMCAwIDQ4IDQ4Ij4KPGcgaWQ9Imljb21vb24taWdub3JlIj4KCTxsaW5lIHN0cm9rZS13aWR0aD0iMSIgeDE9IiIgeTE9IiIgeDI9IiIgeTI9IiIgc3Ryb2tlPSIjNDQ5RkRCIiBvcGFjaXR5PSIiPjwvbGluZT4KPC9nPgoJPHBhdGggZD0iTTM4LjQ4IDkuMDcwYzAuMjQ4IDAgMC40NSAwLjIwMiAwLjQ1IDAuNDV2MjguOTU5YzAgMC4yNDgtMC4yMDIgMC40NS0wLjQ1IDAuNDVoLTI4Ljk1OWMtMC4yNDggMC0wLjQ1LTAuMjAyLTAuNDUtMC40NXYtMjguOTU5YzAtMC4yNDggMC4yMDItMC40NSAwLjQ1LTAuNDVoMjguOTU5ek0zOC40OCA4aC0yOC45NTljLTAuODQgMC0xLjUyIDAuNjgxLTEuNTIgMS41MjF2MjguOTU5YzAgMC44NCAwLjY4MSAxLjUyMSAxLjUyIDEuNTIxaDI4Ljk1OWMwLjg0IDAgMS41Mi0wLjY4MSAxLjUyLTEuNTIxdi0yOC45NTljMC0wLjg0LTAuNjgxLTEuNTIxLTEuNTItMS41MjF2MHoiIG9wYWNpdHk9IjEiIHZpc2liaWxpdHk9ImZhbHNlIiBmaWxsPSIjZDdkN2Q3Ij48L3BhdGg+Cgk8cGF0aCBkPSJNMTIuMjI4IDM1LjIyNHYtMy4zMjljMC0wLjE0NSAwLjA1OC0wLjI4NSAwLjE2LTAuMzg4bDUuNTg3LTUuNTg3YzAuMjE0LTAuMjE0IDAuNTYxLTAuMjE0IDAuNzc1IDBsMi4xMTkgMi4xMTljMC4yMTQgMC4yMTQgMC41NjEgMC4yMTQgMC43NzUgMGw4LjE5MS04LjE5MmMwLjIxNC0wLjIxNCAwLjU2MS0wLjIxNCAwLjc3NSAwbDUgNWMwLjEwMyAwLjEwMyAwLjE2IDAuMjQyIDAuMTYgMC4zODh2OS45ODhjMCAwLjMwMy0wLjI0NSAwLjU0OC0wLjU0OCAwLjU0OGgtMjIuNDQ3Yy0wLjMwMyAwLTAuNTQ4LTAuMjQ1LTAuNTQ4LTAuNTQ4eiIgb3BhY2l0eT0iMSIgdmlzaWJpbGl0eT0iZmFsc2UiIGZpbGw9IiNkN2Q3ZDciPjwvcGF0aD4KCTxwYXRoIGQ9Ik0yMS41NDQgMTcuOTY3YzAgMS45ODItMS42MDYgMy41ODgtMy41ODggMy41ODhzLTMuNTg4LTEuNjA2LTMuNTg4LTMuNTg4YzAtMS45ODEgMS42MDYtMy41ODggMy41ODgtMy41ODhzMy41ODggMS42MDYgMy41ODggMy41ODh6IiBvcGFjaXR5PSIxIiB2aXNpYmlsaXR5PSJmYWxzZSIgZmlsbD0iI2Q3ZDdkNyI+PC9wYXRoPgo8L3N2Zz4K" alt="Sunset Bell Peppers Rainbow" skeleton-box-size="9rem" class="product-grid-image object-contain"></div></div> <div class="mobile-product-list-cell_info"><div class="product-tile_detail"><div class="skeleton-loader_wrapper cursor-pointer"><div class="product-grid-cell_price-container product-grid-cell_price-container_column product-grid-cell_price-container--mobile"><span class="product-grid-cell_main-price product-grid-cell_main-price--on-sale"><span class="sr-only">
      Sale Price
    </span>
    $3.99
  </span> <div class="product-grid-cell_was-container"><span class="product-grid-cell_regular-price product-grid-cell_regular-price--small"><span class="sr-only">
        Original Price
      </span>
      $4.99
    </span></div></div> <!----></div> <!----></div> <div class="mobile-product-list-cell_name-content"><div class="skeleton-loader_wrapper"><div class="product-grid-cell_name"><a id="product-name-136946-16761547344419927" href="#" data-opens-modal="true" aria-haspopup="dialog" class="product-grid-cell_name-text product-grid-cell_name-text--clamp-2"><!---->
    Sunset Bell Peppers Rainbow
  </a></div> <!----> <!----></div> <div class="skeleton-loader_wrapper"><div class="product-grid-cell_sizes"><span class="product-grid-cell_size">
    3 CT PKG
  </span> <span aria-hidden="true">
    |
  </span> <!----> <span class="product-grid-cell_unit">
    $1.33 / EA
  </span></div> <!----></div> <!----> <!----> <!----> <!----> <!----> <!----> <!----></div> <div class="mobile-product-list-cell_bottom"><div class="mobile-product-list-cell_bottom_cart-ui-wrapper"><!----> <!----> <div class="pdl-add-to-cart"><div class="pdl-add-to-cart_button"><button aria-label="Add to cart" data-product-id="136946" data-price="3.99" class="button button--add-to-cart add-sale">
      Add to cart
      <!----></button> <!----> <!----> <!----></div> <!----></div></div> <!----></div></div></div> <div class="product-tile_action-items"><!----> <!----> <div class="shopping-list-menu_container"><div class="relative-el"><button aria-label="add to shopping list" class="button pdl-product-detail_top-icon button--fourth pdl-product-detail_top-icon--borderless"><!----> <div class="vector-icon-size--large"><svg xmlns="http://www.w3.org/2000/svg" aria-label="Shopping List Icon Add" viewBox="0 0 32 32" role="presentation" aria-hidden="true" focusable="false" class="vector-icon-color--dark-grey"><title lang="en">Shopping List Icon Add</title><desc></desc><g fill="" stroke=""><g><path d="M21.94066,15.3368884 L21.94066,12.8931995 C21.94066,12.3409148 22.3883752,11.8931995 22.94066,11.8931995 C23.4929447,11.8931995 23.94066,12.3409148 23.94066,12.8931995 L23.94066,15.3368884 L26.2522624,15.3368884 C26.8045471,15.3368884 27.2522624,15.7846037 27.2522624,16.3368884 C27.2522624,16.8891732 26.8045471,17.3368884 26.2522624,17.3368884 L23.94066,17.3368884 L23.94066,19.8787952 C23.94066,20.43108 23.4929447,20.8787952 22.94066,20.8787952 C22.3883752,20.8787952 21.94066,20.43108 21.94066,19.8787952 L21.94066,17.3368884 L19.2666667,17.3368884 C18.7143819,17.3368884 18.2666667,16.8891732 18.2666667,16.3368884 C18.2666667,15.7846037 18.7143819,15.3368884 19.2666667,15.3368884 L21.94066,15.3368884 Z M8,12 C7.44771525,12 7,11.5522847 7,11 C7,10.4477153 7.44771525,10 8,10 L19.1153581,10 C19.6676429,10 20.1153581,10.4477153 20.1153581,11 C20.1153581,11.5522847 19.6676429,12 19.1153581,12 L8,12 Z M8,17.3368884 C7.44771525,17.3368884 7,16.8891732 7,16.3368884 C7,15.7846037 7.44771525,15.3368884 8,15.3368884 L14.7200696,15.3368884 C15.2723543,15.3368884 15.7200696,15.7846037 15.7200696,16.3368884 C15.7200696,16.8891732 15.2723543,17.3368884 14.7200696,17.3368884 L8,17.3368884 Z M8,23 C7.44771525,23 7,22.5522847 7,22 C7,21.4477153 7.44771525,21 8,21 L19.1153581,21 C19.6676429,21 20.1153581,21.4477153 20.1153581,22 C20.1153581,22.5522847 19.6676429,23 19.1153581,23 L8,23 Z" fill="#000000" fill-rule="nonzero"></path></g></g></svg></div> <div class="pdl-product-detail_list-tooltip"><p>Add item to shopping list</p> <em></em></div></button></div></div></div> <!----></li> <!----><!----> <!----> <!----> <!----> <li tabindex="-1" data-product-id="297055" class="slot mobile-product-list-cell"><!----> <!----> <!----> <!----> <div class="mobile-product-list-cell_content"><div><!----> <div class="flag_outer-container"><!----> <!----> <!----> <!----></div></div> <div class="mobile-product-list-cell_left"><div><!----> <img src="data:image/svg+xml;base64,PD94bWwgdmVyc2lvbj0iMS4wIiBlbmNvZGluZz0idXRmLTgiPz4KPCEtLSBHZW5lcmF0ZWQgYnkgSWNvTW9vbi5pbyAtLT4KPCFET0NUWVBFIHN2ZyBQVUJMSUMgIi0vL1czQy8vRFREIFNWRyAxLjEvL0VOIiAiaHR0cDovL3d3dy53My5vcmcvR3JhcGhpY3MvU1ZHLzEuMS9EVEQvc3ZnMTEuZHRkIj4KPHN2ZyB2ZXJzaW9uPSIxLjEiIHhtbG5zPSJodHRwOi8vd3d3LnczLm9yZy8yMDAwL3N2ZyIgeG1sbnM6eGxpbms9Imh0dHA6Ly93d3cudzMub3JnLzE5OTkveGxpbmsiIHdpZHRoPSI0OCIgaGVpZ2h0PSI0OCIgdmlld0JveD0iMCAwIDQ4IDQ4Ij4KPGcgaWQ9Imljb21vb24taWdub3JlIj4KCTxsaW5lIHN0cm9rZS13aWR0aD0iMSIgeDE9IiIgeTE9IiIgeDI9IiIgeTI9IiIgc3Ryb2tlPSIjNDQ5RkRCIiBvcGFjaXR5PSIiPjwvbGluZT4KPC9nPgoJPHBhdGggZD0iTTM4LjQ4IDkuMDcwYzAuMjQ4IDAgMC40NSAwLjIwMiAwLjQ1IDAuNDV2MjguOTU5YzAgMC4yNDgtMC4yMDIgMC40NS0wLjQ1IDAuNDVoLTI4Ljk1OWMtMC4yNDggMC0wLjQ1LTAuMjAyLTAuNDUtMC40NXYtMjguOTU5YzAtMC4yNDggMC4yMDItMC40NSAwLjQ1LTAuNDVoMjguOTU5ek0zOC40OCA4aC0yOC45NTljLTAuODQgMC0xLjUyIDAuNjgxLTEuNTIgMS41MjF2MjguOTU5YzAgMC44NCAwLjY4MSAxLjUyMSAxLjUyIDEuNTIxaDI4Ljk1OWMwLjg0IDAgMS41Mi0wLjY4MSAxLjUyLTEuNTIxdi0yOC45NTljMC0wLjg0LTAuNjgxLTEuNTIxLTEuNTItMS41MjF2MHoiIG9wYWNpdHk9IjEiIHZpc2liaWxpdHk9ImZhbHNlIiBmaWxsPSIjZDdkN2Q3Ij48L3BhdGg+Cgk8cGF0aCBkPSJNMTIuMjI4IDM1LjIyNHYtMy4zMjljMC0wLjE0NSAwLjA1OC0wLjI4NSAwLjE2LTAuMzg4bDUuNTg3LTUuNTg3YzAuMjE0LTAuMjE0IDAuNTYxLTAuMjE0IDAuNzc1IDBsMi4xMTkgMi4xMTljMC4yMTQgMC4yMTQgMC41NjEgMC4yMTQgMC43NzUgMGw4LjE5MS04LjE5MmMwLjIxNC0wLjIxNCAwLjU2MS0wLjIxNCAwLjc3NSAwbDUgNWMwLjEwMyAwLjEwMyAwLjE2IDAuMjQyIDAuMTYgMC4zODh2OS45ODhjMCAwLjMwMy0wLjI0NSAwLjU0OC0wLjU0OCAwLjU0OGgtMjIuNDQ3Yy0wLjMwMyAwLTAuNTQ4LTAuMjQ1LTAuNTQ4LTAuNTQ4eiIgb3BhY2l0eT0iMSIgdmlzaWJpbGl0eT0iZmFsc2UiIGZpbGw9IiNkN2Q3ZDciPjwvcGF0aD4KCTxwYXRoIGQ9Ik0yMS41NDQgMTcuOTY3YzAgMS45ODItMS42MDYgMy41ODgtMy41ODggMy41ODhzLTMuNTg4LTEuNjA2LTMuNTg4LTMuNTg4YzAtMS45ODEgMS42MDYtMy41ODggMy41ODgtMy41ODhzMy41ODggMS42MDYgMy41ODggMy41ODh6IiBvcGFjaXR5PSIxIiB2aXNpYmlsaXR5PSJmYWxzZSIgZmlsbD0iI2Q3ZDdkNyI+PC9wYXRoPgo8L3N2Zz4K" alt="Eggland's Best White Eggs Large Grade AA" skeleton-box-size="9rem" class="product-grid-image object-contain"></div></div> <div class="mobile-product-list-cell_info"><div class="product-tile_detail"><div class="skeleton-loader_wrapper cursor-pointer"><div class="product-grid-cell_price-container product-grid-cell_price-container--mobile"><span class="product-grid-cell_main-price"><!---->
    $9.99
  </span> <!----></div> <!----></div> <!----></div> <div class="mobile-product-list-cell_name-content"><div class="skeleton-loader_wrapper"><div class="product-grid-cell_name"><a id="product-name-297055-16761547344458559" href="#" data-opens-modal="true" aria-haspopup="dialog" class="product-grid-cell_name-text product-grid-cell_name-text--clamp-2"><!---->
    Eggland's Best White Eggs Large Grade AA
  </a></div> <!----> <!----></div> <div class="skeleton-loader_wrapper"><div class="product-grid-cell_sizes"><span class="product-grid-cell_size">
    2 DOZ
  </span> <span aria-hidden="true">
    |
  </span> <!----> <span class="product-grid-cell_unit">
    $5.00 / DOZ
  </span></div> <!----></div> <!----> <!----> <!----> <!----> <!----> <!----> <!----></div> <div class="mobile-product-list-cell_bottom"><div class="mobile-product-list-cell_bottom_cart-ui-wrapper"><!----> <!----> <div class="pdl-add-to-cart"><div class="pdl-add-to-cart_button"><button aria-label="Add to cart" data-product-id="297055" data-price="9.99" class="button button--add-to-cart">
      Add to cart
      <!----></button> <!----> <!----> <!----></div> <!----></div></div> <!----></div></div></div> <div class="product-tile_action-items"><!----> <!----> <div class="shopping-list-menu_container"><div class="relative-el"><button aria-label="add to shopping list" class="button pdl-product-detail_top-icon button--fourth pdl-product-detail_top-icon--borderless"><!----> <div class="vector-icon-size--large"><svg xmlns="http://www.w3.org/2000/svg" aria-label="Shopping List Icon Add" viewBox="0 0 32 32" role="presentation" aria-hidden="true" focusable="false" class="vector-icon-color--dark-grey"><title lang="en">Shopping List Icon Add</title><desc></desc><g fill="" stroke=""><g><path d="M21.94066,15.3368884 L21.94066,12.8931995 C21.94066,12.3409148 22.3883752,11.8931995 22.94066,11.8931995 C23.4929447,11.8931995 23.94066,12.3409148 23.94066,12.8931995 L23.94066,15.3368884 L26.2522624,15.3368884 C26.8045471,15.3368884 27.2522624,15.7846037 27.2522624,16.3368884 C27.2522624,16.8891732 26.8045471,17.3368884 26.2522624,17.3368884 L23.94066,17.3368884 L23.94066,19.8787952 C23.94066,20.43108 23.4929447,20.8787952 22.94066,20.8787952 C22.3883752,20.8787952 21.94066,20.43108 21.94066,19.8787952 L21.94066,17.3368884 L19.2666667,17.3368884 C18.7143819,17.3368884 18.2666667,16.8891732 18.2666667,16.3368884 C18.2666667,15.7846037 18.7143819,15.3368884 19.2666667,15.3368884 L21.94066,15.3368884 Z M8,12 C7.44771525,12 7,11.5522847 7,11 C7,10.4477153 7.44771525,10 8,10 L19.1153581,10 C19.6676429,10 20.1153581,10.4477153 20.1153581,11 C20.1153581,11.5522847 19.6676429,12 19.1153581,12 L8,12 Z M8,17.3368884 C7.44771525,17.3368884 7,16.8891732 7,16.3368884 C7,15.7846037 7.44771525,15.3368884 8,15.3368884 L14.7200696,15.3368884 C15.2723543,15.3368884 15.7200696,15.7846037 15.7200696,16.3368884 C15.7200696,16.8891732 15.2723543,17.3368884 14.7200696,17.3368884 L8,17.3368884 Z M8,23 C7.44771525,23 7,22.5522847 7,22 C7,21.4477153 7.44771525,21 8,21 L19.1153581,21 C19.6676429,21 20.1153581,21.4477153 20.1153581,22 C20.1153581,22.5522847 19.6676429,23 19.1153581,23 L8,23 Z" fill="#000000" fill-rule="nonzero"></path></g></g></svg></div> <div class="pdl-product-detail_list-tooltip"><p>Add item to shopping list</p> <em></em></div></button></div></div></div> <!----></li> <!----><!----> <!----> <!----> <!----> <li tabindex="-1" data-product-id="140163" class="slot mobile-product-list-cell"><!----> <!----> <!----> <!----> <div class="mobile-product-list-cell_content"><div><!----> <div class="flag_outer-container"><!----> <!----> <!----> <!----></div></div> <div class="mobile-product-list-cell_left"><div><!----> <img src="data:image/svg+xml;base64,PD94bWwgdmVyc2lvbj0iMS4wIiBlbmNvZGluZz0idXRmLTgiPz4KPCEtLSBHZW5lcmF0ZWQgYnkgSWNvTW9vbi5pbyAtLT4KPCFET0NUWVBFIHN2ZyBQVUJMSUMgIi0vL1czQy8vRFREIFNWRyAxLjEvL0VOIiAiaHR0cDovL3d3dy53My5vcmcvR3JhcGhpY3MvU1ZHLzEuMS9EVEQvc3ZnMTEuZHRkIj4KPHN2ZyB2ZXJzaW9uPSIxLjEiIHhtbG5zPSJodHRwOi8vd3d3LnczLm9yZy8yMDAwL3N2ZyIgeG1sbnM6eGxpbms9Imh0dHA6Ly93d3cudzMub3JnLzE5OTkveGxpbmsiIHdpZHRoPSI0OCIgaGVpZ2h0PSI0OCIgdmlld0JveD0iMCAwIDQ4IDQ4Ij4KPGcgaWQ9Imljb21vb24taWdub3JlIj4KCTxsaW5lIHN0cm9rZS13aWR0aD0iMSIgeDE9IiIgeTE9IiIgeDI9IiIgeTI9IiIgc3Ryb2tlPSIjNDQ5RkRCIiBvcGFjaXR5PSIiPjwvbGluZT4KPC9nPgoJPHBhdGggZD0iTTM4LjQ4IDkuMDcwYzAuMjQ4IDAgMC40NSAwLjIwMiAwLjQ1IDAuNDV2MjguOTU5YzAgMC4yNDgtMC4yMDIgMC40NS0wLjQ1IDAuNDVoLTI4Ljk1OWMtMC4yNDggMC0wLjQ1LTAuMjAyLTAuNDUtMC40NXYtMjguOTU5YzAtMC4yNDggMC4yMDItMC40NSAwLjQ1LTAuNDVoMjguOTU5ek0zOC40OCA4aC0yOC45NTljLTAuODQgMC0xLjUyIDAuNjgxLTEuNTIgMS41MjF2MjguOTU5YzAgMC44NCAwLjY4MSAxLjUyMSAxLjUyIDEuNTIxaDI4Ljk1OWMwLjg0IDAgMS41Mi0wLjY4MSAxLjUyLTEuNTIxdi0yOC45NTljMC0wLjg0LTAuNjgxLTEuNTIxLTEuNTItMS41MjF2MHoiIG9wYWNpdHk9IjEiIHZpc2liaWxpdHk9ImZhbHNlIiBmaWxsPSIjZDdkN2Q3Ij48L3BhdGg+Cgk8cGF0aCBkPSJNMTIuMjI4IDM1LjIyNHYtMy4zMjljMC0wLjE0NSAwLjA1OC0wLjI4NSAwLjE2LTAuMzg4bDUuNTg3LTUuNTg3YzAuMjE0LTAuMjE0IDAuNTYxLTAuMjE0IDAuNzc1IDBsMi4xMTkgMi4xMTljMC4yMTQgMC4yMTQgMC41NjEgMC4yMTQgMC43NzUgMGw4LjE5MS04LjE5MmMwLjIxNC0wLjIxNCAwLjU2MS0wLjIxNCAwLjc3NSAwbDUgNWMwLjEwMyAwLjEwMyAwLjE2IDAuMjQyIDAuMTYgMC4zODh2OS45ODhjMCAwLjMwMy0wLjI0NSAwLjU0OC0wLjU0OCAwLjU0OGgtMjIuNDQ3Yy0wLjMwMyAwLTAuNTQ4LTAuMjQ1LTAuNTQ4LTAuNTQ4eiIgb3BhY2l0eT0iMSIgdmlzaWJpbGl0eT0iZmFsc2UiIGZpbGw9IiNkN2Q3ZDciPjwvcGF0aD4KCTxwYXRoIGQ9Ik0yMS41NDQgMTcuOTY3YzAgMS45ODItMS42MDYgMy41ODgtMy41ODggMy41ODhzLTMuNTg4LTEuNjA2LTMuNTg4LTMuNTg4YzAtMS45ODEgMS42MDYtMy41ODggMy41ODgtMy41ODhzMy41ODggMS42MDYgMy41ODggMy41ODh6IiBvcGFjaXR5PSIxIiB2aXNpYmlsaXR5PSJmYWxzZSIgZmlsbD0iI2Q3ZDdkNyI+PC9wYXRoPgo8L3N2Zz4K" alt="Nature's Promise Organic Carrots Baby" skeleton-box-size="9rem" class="product-grid-image object-contain"></div></div> <div class="mobile-product-list-cell_info"><div class="product-tile_detail"><div class="skeleton-loader_wrapper cursor-pointer"><div class="product-grid-cell_price-container product-grid-cell_price-container--mobile"><span class="product-grid-cell_main-price"><!---->
    $2.49
  </span> <!----></div> <!----></div> <!----></div> <div class="mobile-product-list-cell_name-content"><div class="skeleton-loader_wrapper"><div class="product-grid-cell_name"><a id="product-name-140163-16761547344475845" href="#" data-opens-modal="true" aria-haspopup="dialog" class="product-grid-cell_name-text product-grid-cell_name-text--clamp-2"><span class="vector-icon_inline-text--left mr-0"><div class="vector-icon-size--xsmall"><svg xmlns="http://www.w3.org/2000/svg" aria-label="Ahold Icon" viewBox="0 0 1024 945" role="presentation" aria-hidden="true" focusable="false" class=""><title lang="en">Ahold Icon</title><desc></desc><g fill="" stroke=""><g><path d="M1.893 730.617c-1.289-2.094-2.052-4.631-2.052-7.346 0-.747.058-1.481.169-2.197.158-12.396 10.227-22.466 22.687-22.634h895.306c12.476.168 22.545 10.237 22.713 22.698-.521 3.721-1.182 6.924-2.024 10.053l.131-.574c-86.363 175.072-263.598 293.385-468.466 293.385S88.254 905.689 3.252 733.663l-1.361-3.046z" fill="#F7A800" class="path1"></path> <path d="M107.889 132.495c1.893-1.893 1.893-3.786 3.786-5.678 2.98-3.491 7.385-5.69 12.303-5.69s9.323 2.199 12.284 5.668l.019.022L613.264 603.8c3.491 2.98 5.69 7.385 5.69 12.303s-2.199 9.323-5.668 12.284c-1.399 1.869-3.361 3.216-5.631 3.789l-.069.015c-38.446 13.732-82.796 21.669-129.001 21.669-108.416 0-206.626-43.699-277.977-114.443C130.241 467.591 86.799 369.1 86.799 260.462c0-45.803 7.722-89.803 21.936-130.767l-.845 2.8z" fill="#E2231A" class="path2"></path> <path d="M600.015 1.893a6.922 6.922 0 0 1 5.713-1.889c.057-.006.164-.007.272-.007 7.15 0 12.947 5.796 12.947 12.947 0 .108-.001.215-.004.322v-.016 503.482c.002.091.004.199.004.306 0 7.15-5.796 12.947-12.947 12.947-.108 0-.215-.001-.322-.004a6.925 6.925 0 0 1-5.665-1.895l.002.002c-98.273-48.542-164.673-148.065-164.673-263.098S501.743 50.434 598.306 2.657l1.709-.765z" fill="#712177" class="path3"></path> <path d="M938.824 283.919c1.893 0 1.893 1.893 3.786 1.893 1.765 2.012 2.841 4.666 2.841 7.571s-1.077 5.559-2.853 7.584l.011-.013-268.776 266.884c-2.012 1.765-4.666 2.841-7.571 2.841s-5.559-1.077-7.584-2.853a3.774 3.774 0 0 1-1.877-3.793l-.002.019c-7.681-21.529-12.12-46.363-12.12-72.235 0-61.263 24.891-116.712 65.111-156.786 39.326-39.792 93.895-64.431 154.219-64.431 26.857 0 52.573 4.884 76.309 13.812l-1.494-.493z" fill="#82BC00" class="path4"></path></g></g></svg></div></span>
    Nature's Promise Organic Carrots Baby
  </a></div> <!----> <!----></div> <div class="skeleton-loader_wrapper"><div class="product-grid-cell_sizes"><span class="product-grid-cell_size">
    16 OZ BAG
  </span> <span aria-hidden="true">
    |
  </span> <!----> <span class="product-grid-cell_unit">
    $0.16 / OZ
  </span></div> <!----></div> <!----> <!----> <!----> <!----> <!----> <!----> <!----></div> <div class="mobile-product-list-cell_bottom"><div class="mobile-product-list-cell_bottom_cart-ui-wrapper"><!----> <!----> <div class="pdl-add-to-cart"><div class="pdl-add-to-cart_button"><button aria-label="Add to cart" data-product-id="140163" data-price="2.49" class="button button--add-to-cart">
      Add to cart
      <!----></button> <!----> <!----> <!----></div> <!----></div></div> <!----></div></div></div> <div class="product-tile_action-items"><!----> <!----> <div class="shopping-list-menu_container"><div class="relative-el"><button aria-label="add to shopping list" class="button pdl-product-detail_top-icon button--fourth pdl-product-detail_top-icon--borderless"><!----> <div class="vector-icon-size--large"><svg xmlns="http://www.w3.org/2000/svg" aria-label="Shopping List Icon Add" viewBox="0 0 32 32" role="presentation" aria-hidden="true" focusable="false" class="vector-icon-color--dark-grey"><title lang="en">Shopping List Icon Add</title><desc></desc><g fill="" stroke=""><g><path d="M21.94066,15.3368884 L21.94066,12.8931995 C21.94066,12.3409148 22.3883752,11.8931995 22.94066,11.8931995 C23.4929447,11.8931995 23.94066,12.3409148 23.94066,12.8931995 L23.94066,15.3368884 L26.2522624,15.3368884 C26.8045471,15.3368884 27.2522624,15.7846037 27.2522624,16.3368884 C27.2522624,16.8891732 26.8045471,17.3368884 26.2522624,17.3368884 L23.94066,17.3368884 L23.94066,19.8787952 C23.94066,20.43108 23.4929447,20.8787952 22.94066,20.8787952 C22.3883752,20.8787952 21.94066,20.43108 21.94066,19.8787952 L21.94066,17.3368884 L19.2666667,17.3368884 C18.7143819,17.3368884 18.2666667,16.8891732 18.2666667,16.3368884 C18.2666667,15.7846037 18.7143819,15.3368884 19.2666667,15.3368884 L21.94066,15.3368884 Z M8,12 C7.44771525,12 7,11.5522847 7,11 C7,10.4477153 7.44771525,10 8,10 L19.1153581,10 C19.6676429,10 20.1153581,10.4477153 20.1153581,11 C20.1153581,11.5522847 19.6676429,12 19.1153581,12 L8,12 Z M8,17.3368884 C7.44771525,17.3368884 7,16.8891732 7,16.3368884 C7,15.7846037 7.44771525,15.3368884 8,15.3368884 L14.7200696,15.3368884 C15.2723543,15.3368884 15.7200696,15.7846037 15.7200696,16.3368884 C15.7200696,16.8891732 15.2723543,17.3368884 14.7200696,17.3368884 L8,17.3368884 Z M8,23 C7.44771525,23 7,22.5522847 7,22 C7,21.4477153 7.44771525,21 8,21 L19.1153581,21 C19.6676429,21 20.1153581,21.4477153 20.1153581,22 C20.1153581,22.5522847 19.6676429,23 19.1153581,23 L8,23 Z" fill="#000000" fill-rule="nonzero"></path></g></g></svg></div> <div class="pdl-product-detail_list-tooltip"><p>Add item to shopping list</p> <em></em></div></button></div></div></div> <!----></li> <!----><!----> <!----> <!----> <li class="pdl-generic-content_full"><!----> <div class="relative-el spyglass-nav-group_wrapper pdl-generic-content_container--max"><div class="flex justify-center my-12"><div class="cursor-pointer"><img src="" alt="Advertisement for Cargill. eat what you love. SHOP NOW" class="bg-cover bg-center"></div></div> <!----></div></li> <!----> <!----><!----> <!----> <!----> <!----> <li tabindex="-1" data-product-id="178137" class="slot mobile-product-list-cell"><!----> <!----> <!----> <!----> <div class="mobile-product-list-cell_content"><div><!----> <div class="flag_outer-container"><!----> <!----> <!----> <!----></div></div> <div class="mobile-product-list-cell_left"><div><!----> <img src="data:image/svg+xml;base64,PD94bWwgdmVyc2lvbj0iMS4wIiBlbmNvZGluZz0idXRmLTgiPz4KPCEtLSBHZW5lcmF0ZWQgYnkgSWNvTW9vbi5pbyAtLT4KPCFET0NUWVBFIHN2ZyBQVUJMSUMgIi0vL1czQy8vRFREIFNWRyAxLjEvL0VOIiAiaHR0cDovL3d3dy53My5vcmcvR3JhcGhpY3MvU1ZHLzEuMS9EVEQvc3ZnMTEuZHRkIj4KPHN2ZyB2ZXJzaW9uPSIxLjEiIHhtbG5zPSJodHRwOi8vd3d3LnczLm9yZy8yMDAwL3N2ZyIgeG1sbnM6eGxpbms9Imh0dHA6Ly93d3cudzMub3JnLzE5OTkveGxpbmsiIHdpZHRoPSI0OCIgaGVpZ2h0PSI0OCIgdmlld0JveD0iMCAwIDQ4IDQ4Ij4KPGcgaWQ9Imljb21vb24taWdub3JlIj4KCTxsaW5lIHN0cm9rZS13aWR0aD0iMSIgeDE9IiIgeTE9IiIgeDI9IiIgeTI9IiIgc3Ryb2tlPSIjNDQ5RkRCIiBvcGFjaXR5PSIiPjwvbGluZT4KPC9nPgoJPHBhdGggZD0iTTM4LjQ4IDkuMDcwYzAuMjQ4IDAgMC40NSAwLjIwMiAwLjQ1IDAuNDV2MjguOTU5YzAgMC4yNDgtMC4yMDIgMC40NS0wLjQ1IDAuNDVoLTI4Ljk1OWMtMC4yNDggMC0wLjQ1LTAuMjAyLTAuNDUtMC40NXYtMjguOTU5YzAtMC4yNDggMC4yMDItMC40NSAwLjQ1LTAuNDVoMjguOTU5ek0zOC40OCA4aC0yOC45NTljLTAuODQgMC0xLjUyIDAuNjgxLTEuNTIgMS41MjF2MjguOTU5YzAgMC44NCAwLjY4MSAxLjUyMSAxLjUyIDEuNTIxaDI4Ljk1OWMwLjg0IDAgMS41Mi0wLjY4MSAxLjUyLTEuNTIxdi0yOC45NTljMC0wLjg0LTAuNjgxLTEuNTIxLTEuNTItMS41MjF2MHoiIG9wYWNpdHk9IjEiIHZpc2liaWxpdHk9ImZhbHNlIiBmaWxsPSIjZDdkN2Q3Ij48L3BhdGg+Cgk8cGF0aCBkPSJNMTIuMjI4IDM1LjIyNHYtMy4zMjljMC0wLjE0NSAwLjA1OC0wLjI4NSAwLjE2LTAuMzg4bDUuNTg3LTUuNTg3YzAuMjE0LTAuMjE0IDAuNTYxLTAuMjE0IDAuNzc1IDBsMi4xMTkgMi4xMTljMC4yMTQgMC4yMTQgMC41NjEgMC4yMTQgMC43NzUgMGw4LjE5MS04LjE5MmMwLjIxNC0wLjIxNCAwLjU2MS0wLjIxNCAwLjc3NSAwbDUgNWMwLjEwMyAwLjEwMyAwLjE2IDAuMjQyIDAuMTYgMC4zODh2OS45ODhjMCAwLjMwMy0wLjI0NSAwLjU0OC0wLjU0OCAwLjU0OGgtMjIuNDQ3Yy0wLjMwMyAwLTAuNTQ4LTAuMjQ1LTAuNTQ4LTAuNTQ4eiIgb3BhY2l0eT0iMSIgdmlzaWJpbGl0eT0iZmFsc2UiIGZpbGw9IiNkN2Q3ZDciPjwvcGF0aD4KCTxwYXRoIGQ9Ik0yMS41NDQgMTcuOTY3YzAgMS45ODItMS42MDYgMy41ODgtMy41ODggMy41ODhzLTMuNTg4LTEuNjA2LTMuNTg4LTMuNTg4YzAtMS45ODEgMS42MDYtMy41ODggMy41ODgtMy41ODhzMy41ODggMS42MDYgMy41ODggMy41ODh6IiBvcGFjaXR5PSIxIiB2aXNpYmlsaXR5PSJmYWxzZSIgZmlsbD0iI2Q3ZDdkNyI+PC9wYXRoPgo8L3N2Zz4K" alt="Raspberries" skeleton-box-size="9rem" class="product-grid-image object-contain"></div></div> <div class="mobile-product-list-cell_info"><div class="product-tile_detail"><div class="skeleton-loader_wrapper cursor-pointer"><div class="product-grid-cell_price-container product-grid-cell_price-container--mobile"><span class="product-grid-cell_main-price"><!---->
    $6.99
  </span> <!----></div> <!----></div> <!----></div> <div class="mobile-product-list-cell_name-content"><div class="skeleton-loader_wrapper"><div class="product-grid-cell_name"><a id="product-name-178137-16760862936950645" href="#" data-opens-modal="true" aria-haspopup="dialog" class="product-grid-cell_name-text product-grid-cell_name-text--clamp-2"><!---->
    Raspberries
  </a></div> <!----> <!----></div> <div class="skeleton-loader_wrapper"><div class="product-grid-cell_sizes"><span class="product-grid-cell_size">
    12 OZ PKG
  </span> <span aria-hidden="true">
    |
  </span> <!----> <span class="product-grid-cell_unit">
    $0.58 / OZ
  </span></div> <!----></div> <!----> <!----> <!----> <!----> <!----> <!----> <!----></div> <div class="mobile-product-list-cell_bottom"><div class="mobile-product-list-cell_bottom_cart-ui-wrapper"><div class="pdl-add-to-cart"><button class="button button--disabled out-of-stock_text">
    Out of Stock
  </button> <!----></div> <!----> <!----></div> <!----></div></div></div> <div class="product-tile_action-items"><!----> <!----> <div class="shopping-list-menu_container"><div class="relative-el"><button aria-label="add to shopping list" class="button pdl-product-detail_top-icon button--fourth pdl-product-detail_top-icon--borderless"><!----> <div class="vector-icon-size--large"><svg xmlns="http://www.w3.org/2000/svg" aria-label="Shopping List Icon Add" viewBox="0 0 32 32" role="presentation" aria-hidden="true" focusable="false" class="vector-icon-color--dark-grey"><title lang="en">Shopping List Icon Add</title><desc></desc><g fill="" stroke=""><g><path d="M21.94066,15.3368884 L21.94066,12.8931995 C21.94066,12.3409148 22.3883752,11.8931995 22.94066,11.8931995 C23.4929447,11.8931995 23.94066,12.3409148 23.94066,12.8931995 L23.94066,15.3368884 L26.2522624,15.3368884 C26.8045471,15.3368884 27.2522624,15.7846037 27.2522624,16.3368884 C27.2522624,16.8891732 26.8045471,17.3368884 26.2522624,17.3368884 L23.94066,17.3368884 L23.94066,19.8787952 C23.94066,20.43108 23.4929447,20.8787952 22.94066,20.8787952 C22.3883752,20.8787952 21.94066,20.43108 21.94066,19.8787952 L21.94066,17.3368884 L19.2666667,17.3368884 C18.7143819,17.3368884 18.2666667,16.8891732 18.2666667,16.3368884 C18.2666667,15.7846037 18.7143819,15.3368884 19.2666667,15.3368884 L21.94066,15.3368884 Z M8,12 C7.44771525,12 7,11.5522847 7,11 C7,10.4477153 7.44771525,10 8,10 L19.1153581,10 C19.6676429,10 20.1153581,10.4477153 20.1153581,11 C20.1153581,11.5522847 19.6676429,12 19.1153581,12 L8,12 Z M8,17.3368884 C7.44771525,17.3368884 7,16.8891732 7,16.3368884 C7,15.7846037 7.44771525,15.3368884 8,15.3368884 L14.7200696,15.3368884 C15.2723543,15.3368884 15.7200696,15.7846037 15.7200696,16.3368884 C15.7200696,16.8891732 15.2723543,17.3368884 14.7200696,17.3368884 L8,17.3368884 Z M8,23 C7.44771525,23 7,22.5522847 7,22 C7,21.4477153 7.44771525,21 8,21 L19.1153581,21 C19.6676429,21 20.1153581,21.4477153 20.1153581,22 C20.1153581,22.5522847 19.6676429,23 19.1153581,23 L8,23 Z" fill="#000000" fill-rule="nonzero"></path></g></g></svg></div> <div class="pdl-product-detail_list-tooltip"><p>Add item to shopping list</p> <em></em></div></button></div></div></div> <!----></li> <!----><!----> <!----> <!----> <!----> <li tabindex="-1" data-product-id="1797" class="slot mobile-product-list-cell"><!----> <!----> <!----> <!----> <div class="mobile-product-list-cell_content"><div><!----> <div class="flag_outer-container"><div class=""><svg xmlns="http://www.w3.org/2000/svg" aria-label="Sale" viewBox="0 0 32 32" role="presentation" aria-hidden="true" focusable="false" class="w-20 ml-3"><title lang="en">Sale</title><desc></desc><g fill="" stroke=""><g><path d="M16.56 19.87a3.81 3.81 0 0 1-1-.13l-13.39-3.5a1.5 1.5 0 0 1-1.12-1.34l-.81-11a1.52 1.52 0 0 1 1.39-1.61l27.69-2h.11a1.51 1.51 0 0 1 1.5 1.4l.82 11a1.52 1.52 0 0 1-.91 1.5l-12.72 5.36a3.79 3.79 0 0 1-1.56.32Z" fill="#ed1256"></path><path fill="#fff" d="M29.43.48a1.26 1.26 0 0 1 1.26 1.17l.82 11a1.27 1.27 0 0 1-.76 1.26L18 19.34a3.72 3.72 0 0 1-1.47.3 3.79 3.79 0 0 1-.94-.12L2.24 16a1.27 1.27 0 0 1-1-1.13l-.81-11a1.26 1.26 0 0 1 1.22-1.33L29.34.48h.09m0-.48h-.13L1.62 2A1.76 1.76 0 0 0 0 3.92l.82 11a1.73 1.73 0 0 0 1.3 1.55L15.5 20a4.3 4.3 0 0 0 1.07.14 4.24 4.24 0 0 0 1.65-.34l12.72-5.44A1.76 1.76 0 0 0 32 12.59l-.82-11A1.76 1.76 0 0 0 29.43 0Z"></path><path fill="#fff" d="M3.74 9.87a3 3 0 0 0 .82.55 2.21 2.21 0 0 0 1.08.19 1.6 1.6 0 0 0 .29 0 1 1 0 0 0 .26-.12.58.58 0 0 0 .18-.2.62.62 0 0 0 0-.31.59.59 0 0 0-.32-.49 3.38 3.38 0 0 0-.85-.34L4.84 9a4.19 4.19 0 0 1-.69-.26 2.44 2.44 0 0 1-.63-.41 1.92 1.92 0 0 1-.7-1.42 2.68 2.68 0 0 1 .1-1A2.2 2.2 0 0 1 3.39 5a2.42 2.42 0 0 1 .82-.6 3.15 3.15 0 0 1 1.17-.28 3.68 3.68 0 0 1 1.72.24 3 3 0 0 1 .57.29A2.66 2.66 0 0 1 8 5l-.82 1.37a4.42 4.42 0 0 0-.82-.45 2 2 0 0 0-.85-.13 1.4 1.4 0 0 0-.28.06A.9.9 0 0 0 5 6a.62.62 0 0 0-.16.2.5.5 0 0 0 0 .28.6.6 0 0 0 .1.31.68.68 0 0 0 .24.2 1.27 1.27 0 0 0 .35.15l.43.13.35.09a7.49 7.49 0 0 1 .69.22 2.2 2.2 0 0 1 .72.42 2.46 2.46 0 0 1 .54.68 2.31 2.31 0 0 1 .27 1 2.15 2.15 0 0 1-.15 1 2.53 2.53 0 0 1-.56.84 2.77 2.77 0 0 1-.88.59 4 4 0 0 1-1.11.27A4.67 4.67 0 0 1 4 12.25a3.79 3.79 0 0 1-1.28-.75ZM11.29 3.89l2.17-.16 3.1 7.7-2 .15L14 10l-2.39.18-.35 1.67-2 .14Zm2.15 4.6-1-2.84-.61 2.95ZM17 3.47l1.89-.14.44 6 3.3-.25.16 1.92-5.19.39ZM23.36 3l5.13-.38.13 1.8-3.24.24.09 1.22 2.66-.2.12 1.7-2.65.2.09 1.35 3.46-.26.13 1.81-5.34.4Z"></path></g></g></svg></div> <!----> <!----> <!----></div></div> <div class="mobile-product-list-cell_left"><div><!----> <img src="data:image/svg+xml;base64,PD94bWwgdmVyc2lvbj0iMS4wIiBlbmNvZGluZz0idXRmLTgiPz4KPCEtLSBHZW5lcmF0ZWQgYnkgSWNvTW9vbi5pbyAtLT4KPCFET0NUWVBFIHN2ZyBQVUJMSUMgIi0vL1czQy8vRFREIFNWRyAxLjEvL0VOIiAiaHR0cDovL3d3dy53My5vcmcvR3JhcGhpY3MvU1ZHLzEuMS9EVEQvc3ZnMTEuZHRkIj4KPHN2ZyB2ZXJzaW9uPSIxLjEiIHhtbG5zPSJodHRwOi8vd3d3LnczLm9yZy8yMDAwL3N2ZyIgeG1sbnM6eGxpbms9Imh0dHA6Ly93d3cudzMub3JnLzE5OTkveGxpbmsiIHdpZHRoPSI0OCIgaGVpZ2h0PSI0OCIgdmlld0JveD0iMCAwIDQ4IDQ4Ij4KPGcgaWQ9Imljb21vb24taWdub3JlIj4KCTxsaW5lIHN0cm9rZS13aWR0aD0iMSIgeDE9IiIgeTE9IiIgeDI9IiIgeTI9IiIgc3Ryb2tlPSIjNDQ5RkRCIiBvcGFjaXR5PSIiPjwvbGluZT4KPC9nPgoJPHBhdGggZD0iTTM4LjQ4IDkuMDcwYzAuMjQ4IDAgMC40NSAwLjIwMiAwLjQ1IDAuNDV2MjguOTU5YzAgMC4yNDgtMC4yMDIgMC40NS0wLjQ1IDAuNDVoLTI4Ljk1OWMtMC4yNDggMC0wLjQ1LTAuMjAyLTAuNDUtMC40NXYtMjguOTU5YzAtMC4yNDggMC4yMDItMC40NSAwLjQ1LTAuNDVoMjguOTU5ek0zOC40OCA4aC0yOC45NTljLTAuODQgMC0xLjUyIDAuNjgxLTEuNTIgMS41MjF2MjguOTU5YzAgMC44NCAwLjY4MSAxLjUyMSAxLjUyIDEuNTIxaDI4Ljk1OWMwLjg0IDAgMS41Mi0wLjY4MSAxLjUyLTEuNTIxdi0yOC45NTljMC0wLjg0LTAuNjgxLTEuNTIxLTEuNTItMS41MjF2MHoiIG9wYWNpdHk9IjEiIHZpc2liaWxpdHk9ImZhbHNlIiBmaWxsPSIjZDdkN2Q3Ij48L3BhdGg+Cgk8cGF0aCBkPSJNMTIuMjI4IDM1LjIyNHYtMy4zMjljMC0wLjE0NSAwLjA1OC0wLjI4NSAwLjE2LTAuMzg4bDUuNTg3LTUuNTg3YzAuMjE0LTAuMjE0IDAuNTYxLTAuMjE0IDAuNzc1IDBsMi4xMTkgMi4xMTljMC4yMTQgMC4yMTQgMC41NjEgMC4yMTQgMC43NzUgMGw4LjE5MS04LjE5MmMwLjIxNC0wLjIxNCAwLjU2MS0wLjIxNCAwLjc3NSAwbDUgNWMwLjEwMyAwLjEwMyAwLjE2IDAuMjQyIDAuMTYgMC4zODh2OS45ODhjMCAwLjMwMy0wLjI0NSAwLjU0OC0wLjU0OCAwLjU0OGgtMjIuNDQ3Yy0wLjMwMyAwLTAuNTQ4LTAuMjQ1LTAuNTQ4LTAuNTQ4eiIgb3BhY2l0eT0iMSIgdmlzaWJpbGl0eT0iZmFsc2UiIGZpbGw9IiNkN2Q3ZDciPjwvcGF0aD4KCTxwYXRoIGQ9Ik0yMS41NDQgMTcuOTY3YzAgMS45ODItMS42MDYgMy41ODgtMy41ODggMy41ODhzLTMuNTg4LTEuNjA2LTMuNTg4LTMuNTg4YzAtMS45ODEgMS42MDYtMy41ODggMy41ODgtMy41ODhzMy41ODggMS42MDYgMy41ODggMy41ODh6IiBvcGFjaXR5PSIxIiB2aXNpYmlsaXR5PSJmYWxzZSIgZmlsbD0iI2Q3ZDdkNyI+PC9wYXRoPgo8L3N2Zz4K" alt="Kraft Mozzarella Cheese Low-Moisture Shredded Natural" skeleton-box-size="9rem" class="product-grid-image object-contain"></div></div> <div class="mobile-product-list-cell_info"><div class="product-tile_detail"><div class="skeleton-loader_wrapper cursor-pointer"><div class="product-grid-cell_price-container product-grid-cell_price-container_column product-grid-cell_price-container--mobile"><span class="product-grid-cell_main-price product-grid-cell_main-price--on-sale"><span class="sr-only">
      Sale Price
    </span>
    $2.50
  </span> <div class="product-grid-cell_was-container"><span class="product-grid-cell_regular-price product-grid-cell_regular-price--small"><span class="sr-only">
        Original Price
      </span>
      $4.49
    </span></div></div> <!----></div> <!----></div> <div class="mobile-product-list-cell_name-content"><div class="skeleton-loader_wrapper"><div class="product-grid-cell_name"><a id="product-name-1797-16760862937054456" href="#" data-opens-modal="true" aria-haspopup="dialog" class="product-grid-cell_name-text product-grid-cell_name-text--clamp-2"><!---->
    Kraft Mozzarella Cheese Low-Moisture Shredded Natural
  </a></div> <!----> <!----></div> <div class="skeleton-loader_wrapper"><div class="product-grid-cell_sizes"><span class="product-grid-cell_size">
    8 OZ BAG
  </span> <span aria-hidden="true">
    |
  </span> <!----> <span class="product-grid-cell_unit">
    $5.00 / LB
  </span></div> <!----></div> <!----> <!----> <!----> <!----> <!----> <!----> <!----></div> <div class="mobile-product-list-cell_bottom"><div class="mobile-product-list-cell_bottom_cart-ui-wrapper"><!----> <!----> <div class="pdl-add-to-cart"><div class="pdl-add-to-cart_button"><button aria-label="Add to cart" data-product-id="1797" data-price="2.5" class="button button--add-to-cart add-sale">
      Add to cart
      <!----></button> <!----> <!----> <!----></div> <!----></div></div> <!----></div></div></div> <div class="product-tile_action-items"><!----> <!----> <div class="shopping-list-menu_container"><div class="relative-el"><button aria-label="add to shopping list" class="button pdl-product-detail_top-icon button--fourth pdl-product-detail_top-icon--borderless"><!----> <div class="vector-icon-size--large"><svg xmlns="http://www.w3.org/2000/svg" aria-label="Shopping List Icon Add" viewBox="0 0 32 32" role="presentation" aria-hidden="true" focusable="false" class="vector-icon-color--dark-grey"><title lang="en">Shopping List Icon Add</title><desc></desc><g fill="" stroke=""><g><path d="M21.94066,15.3368884 L21.94066,12.8931995 C21.94066,12.3409148 22.3883752,11.8931995 22.94066,11.8931995 C23.4929447,11.8931995 23.94066,12.3409148 23.94066,12.8931995 L23.94066,15.3368884 L26.2522624,15.3368884 C26.8045471,15.3368884 27.2522624,15.7846037 27.2522624,16.3368884 C27.2522624,16.8891732 26.8045471,17.3368884 26.2522624,17.3368884 L23.94066,17.3368884 L23.94066,19.8787952 C23.94066,20.43108 23.4929447,20.8787952 22.94066,20.8787952 C22.3883752,20.8787952 21.94066,20.43108 21.94066,19.8787952 L21.94066,17.3368884 L19.2666667,17.3368884 C18.7143819,17.3368884 18.2666667,16.8891732 18.2666667,16.3368884 C18.2666667,15.7846037 18.7143819,15.3368884 19.2666667,15.3368884 L21.94066,15.3368884 Z M8,12 C7.44771525,12 7,11.5522847 7,11 C7,10.4477153 7.44771525,10 8,10 L19.1153581,10 C19.6676429,10 20.1153581,10.4477153 20.1153581,11 C20.1153581,11.5522847 19.6676429,12 19.1153581,12 L8,12 Z M8,17.3368884 C7.44771525,17.3368884 7,16.8891732 7,16.3368884 C7,15.7846037 7.44771525,15.3368884 8,15.3368884 L14.7200696,15.3368884 C15.2723543,15.3368884 15.7200696,15.7846037 15.7200696,16.3368884 C15.7200696,16.8891732 15.2723543,17.3368884 14.7200696,17.3368884 L8,17.3368884 Z M8,23 C7.44771525,23 7,22.5522847 7,22 C7,21.4477153 7.44771525,21 8,21 L19.1153581,21 C19.6676429,21 20.1153581,21.4477153 20.1153581,22 C20.1153581,22.5522847 19.6676429,23 19.1153581,23 L8,23 Z" fill="#000000" fill-rule="nonzero"></path></g></g></svg></div> <div class="pdl-product-detail_list-tooltip"><p>Add item to shopping list</p> <em></em></div></button></div></div></div> <!----></li> <!----><!----> <!----> <!----> <!----> <li tabindex="-1" data-product-id="118754" class="slot mobile-product-list-cell"><!----> <!----> <!----> <!----> <div class="mobile-product-list-cell_content"><div><!----> <div class="flag_outer-container"><!----> <!----> <!----> <!----></div></div> <div class="mobile-product-list-cell_left"><div><!----> <img src="data:image/svg+xml;base64,PD94bWwgdmVyc2lvbj0iMS4wIiBlbmNvZGluZz0idXRmLTgiPz4KPCEtLSBHZW5lcmF0ZWQgYnkgSWNvTW9vbi5pbyAtLT4KPCFET0NUWVBFIHN2ZyBQVUJMSUMgIi0vL1czQy8vRFREIFNWRyAxLjEvL0VOIiAiaHR0cDovL3d3dy53My5vcmcvR3JhcGhpY3MvU1ZHLzEuMS9EVEQvc3ZnMTEuZHRkIj4KPHN2ZyB2ZXJzaW9uPSIxLjEiIHhtbG5zPSJodHRwOi8vd3d3LnczLm9yZy8yMDAwL3N2ZyIgeG1sbnM6eGxpbms9Imh0dHA6Ly93d3cudzMub3JnLzE5OTkveGxpbmsiIHdpZHRoPSI0OCIgaGVpZ2h0PSI0OCIgdmlld0JveD0iMCAwIDQ4IDQ4Ij4KPGcgaWQ9Imljb21vb24taWdub3JlIj4KCTxsaW5lIHN0cm9rZS13aWR0aD0iMSIgeDE9IiIgeTE9IiIgeDI9IiIgeTI9IiIgc3Ryb2tlPSIjNDQ5RkRCIiBvcGFjaXR5PSIiPjwvbGluZT4KPC9nPgoJPHBhdGggZD0iTTM4LjQ4IDkuMDcwYzAuMjQ4IDAgMC40NSAwLjIwMiAwLjQ1IDAuNDV2MjguOTU5YzAgMC4yNDgtMC4yMDIgMC40NS0wLjQ1IDAuNDVoLTI4Ljk1OWMtMC4yNDggMC0wLjQ1LTAuMjAyLTAuNDUtMC40NXYtMjguOTU5YzAtMC4yNDggMC4yMDItMC40NSAwLjQ1LTAuNDVoMjguOTU5ek0zOC40OCA4aC0yOC45NTljLTAuODQgMC0xLjUyIDAuNjgxLTEuNTIgMS41MjF2MjguOTU5YzAgMC44NCAwLjY4MSAxLjUyMSAxLjUyIDEuNTIxaDI4Ljk1OWMwLjg0IDAgMS41Mi0wLjY4MSAxLjUyLTEuNTIxdi0yOC45NTljMC0wLjg0LTAuNjgxLTEuNTIxLTEuNTItMS41MjF2MHoiIG9wYWNpdHk9IjEiIHZpc2liaWxpdHk9ImZhbHNlIiBmaWxsPSIjZDdkN2Q3Ij48L3BhdGg+Cgk8cGF0aCBkPSJNMTIuMjI4IDM1LjIyNHYtMy4zMjljMC0wLjE0NSAwLjA1OC0wLjI4NSAwLjE2LTAuMzg4bDUuNTg3LTUuNTg3YzAuMjE0LTAuMjE0IDAuNTYxLTAuMjE0IDAuNzc1IDBsMi4xMTkgMi4xMTljMC4yMTQgMC4yMTQgMC41NjEgMC4yMTQgMC43NzUgMGw4LjE5MS04LjE5MmMwLjIxNC0wLjIxNCAwLjU2MS0wLjIxNCAwLjc3NSAwbDUgNWMwLjEwMyAwLjEwMyAwLjE2IDAuMjQyIDAuMTYgMC4zODh2OS45ODhjMCAwLjMwMy0wLjI0NSAwLjU0OC0wLjU0OCAwLjU0OGgtMjIuNDQ3Yy0wLjMwMyAwLTAuNTQ4LTAuMjQ1LTAuNTQ4LTAuNTQ4eiIgb3BhY2l0eT0iMSIgdmlzaWJpbGl0eT0iZmFsc2UiIGZpbGw9IiNkN2Q3ZDciPjwvcGF0aD4KCTxwYXRoIGQ9Ik0yMS41NDQgMTcuOTY3YzAgMS45ODItMS42MDYgMy41ODgtMy41ODggMy41ODhzLTMuNTg4LTEuNjA2LTMuNTg4LTMuNTg4YzAtMS45ODEgMS42MDYtMy41ODggMy41ODgtMy41ODhzMy41ODggMS42MDYgMy41ODggMy41ODh6IiBvcGFjaXR5PSIxIiB2aXNpYmlsaXR5PSJmYWxzZSIgZmlsbD0iI2Q3ZDdkNyI+PC9wYXRoPgo8L3N2Zz4K" alt="Tomatoes Grape" skeleton-box-size="9rem" class="product-grid-image object-contain"></div></div> <div class="mobile-product-list-cell_info"><div class="product-tile_detail"><div class="skeleton-loader_wrapper cursor-pointer"><div class="product-grid-cell_price-container product-grid-cell_price-container--mobile"><span class="product-grid-cell_main-price"><!---->
    $2.99
  </span> <!----></div> <!----></div> <!----></div> <div class="mobile-product-list-cell_name-content"><div class="skeleton-loader_wrapper"><div class="product-grid-cell_name"><a id="product-name-118754-16760862937098782" href="#" data-opens-modal="true" aria-haspopup="dialog" class="product-grid-cell_name-text product-grid-cell_name-text--clamp-2"><!---->
    Tomatoes Grape
  </a></div> <!----> <!----></div> <div class="skeleton-loader_wrapper"><div class="product-grid-cell_sizes"><span class="product-grid-cell_size">
    1 DRY PINT
  </span> <span aria-hidden="true">
    |
  </span> <!----> <span class="product-grid-cell_unit">
    $0.25 / OZ
  </span></div> <!----></div> <!----> <!----> <!----> <!----> <!----> <!----> <!----></div> <div class="mobile-product-list-cell_bottom"><div class="mobile-product-list-cell_bottom_cart-ui-wrapper"><!----> <!----> <div class="pdl-add-to-cart"><div class="pdl-add-to-cart_button"><button aria-label="Add to cart" data-product-id="118754" data-price="2.99" class="button button--add-to-cart">
      Add to cart
      <!----></button> <!----> <!----> <!----></div> <!----></div></div> <!----></div></div></div> <div class="product-tile_action-items"><!----> <!----> <div class="shopping-list-menu_container"><div class="relative-el"><button aria-label="add to shopping list" class="button pdl-product-detail_top-icon button--fourth pdl-product-detail_top-icon--borderless"><!----> <div class="vector-icon-size--large"><svg xmlns="http://www.w3.org/2000/svg" aria-label="Shopping List Icon Add" viewBox="0 0 32 32" role="presentation" aria-hidden="true" focusable="false" class="vector-icon-color--dark-grey"><title lang="en">Shopping List Icon Add</title><desc></desc><g fill="" stroke=""><g><path d="M21.94066,15.3368884 L21.94066,12.8931995 C21.94066,12.3409148 22.3883752,11.8931995 22.94066,11.8931995 C23.4929447,11.8931995 23.94066,12.3409148 23.94066,12.8931995 L23.94066,15.3368884 L26.2522624,15.3368884 C26.8045471,15.3368884 27.2522624,15.7846037 27.2522624,16.3368884 C27.2522624,16.8891732 26.8045471,17.3368884 26.2522624,17.3368884 L23.94066,17.3368884 L23.94066,19.8787952 C23.94066,20.43108 23.4929447,20.8787952 22.94066,20.8787952 C22.3883752,20.8787952 21.94066,20.43108 21.94066,19.8787952 L21.94066,17.3368884 L19.2666667,17.3368884 C18.7143819,17.3368884 18.2666667,16.8891732 18.2666667,16.3368884 C18.2666667,15.7846037 18.7143819,15.3368884 19.2666667,15.3368884 L21.94066,15.3368884 Z M8,12 C7.44771525,12 7,11.5522847 7,11 C7,10.4477153 7.44771525,10 8,10 L19.1153581,10 C19.6676429,10 20.1153581,10.4477153 20.1153581,11 C20.1153581,11.5522847 19.6676429,12 19.1153581,12 L8,12 Z M8,17.3368884 C7.44771525,17.3368884 7,16.8891732 7,16.3368884 C7,15.7846037 7.44771525,15.3368884 8,15.3368884 L14.7200696,15.3368884 C15.2723543,15.3368884 15.7200696,15.7846037 15.7200696,16.3368884 C15.7200696,16.8891732 15.2723543,17.3368884 14.7200696,17.3368884 L8,17.3368884 Z M8,23 C7.44771525,23 7,22.5522847 7,22 C7,21.4477153 7.44771525,21 8,21 L19.1153581,21 C19.6676429,21 20.1153581,21.4477153 20.1153581,22 C20.1153581,22.5522847 19.6676429,23 19.1153581,23 L8,23 Z" fill="#000000" fill-rule="nonzero"></path></g></g></svg></div> <div class="pdl-product-detail_list-tooltip"><p>Add item to shopping list</p> <em></em></div></button></div></div></div> <!----></li> <!----><!----> <!----> <!----> <!----> <li tabindex="-1" data-product-id="210616" class="slot mobile-product-list-cell"><!----> <!----> <!----> <!----> <div class="mobile-product-list-cell_content"><div><!----> <div class="flag_outer-container"><div class=""><svg xmlns="http://www.w3.org/2000/svg" aria-label="Sale" viewBox="0 0 32 32" role="presentation" aria-hidden="true" focusable="false" class="w-20 ml-3"><title lang="en">Sale</title><desc></desc><g fill="" stroke=""><g><path d="M16.56 19.87a3.81 3.81 0 0 1-1-.13l-13.39-3.5a1.5 1.5 0 0 1-1.12-1.34l-.81-11a1.52 1.52 0 0 1 1.39-1.61l27.69-2h.11a1.51 1.51 0 0 1 1.5 1.4l.82 11a1.52 1.52 0 0 1-.91 1.5l-12.72 5.36a3.79 3.79 0 0 1-1.56.32Z" fill="#ed1256"></path><path fill="#fff" d="M29.43.48a1.26 1.26 0 0 1 1.26 1.17l.82 11a1.27 1.27 0 0 1-.76 1.26L18 19.34a3.72 3.72 0 0 1-1.47.3 3.79 3.79 0 0 1-.94-.12L2.24 16a1.27 1.27 0 0 1-1-1.13l-.81-11a1.26 1.26 0 0 1 1.22-1.33L29.34.48h.09m0-.48h-.13L1.62 2A1.76 1.76 0 0 0 0 3.92l.82 11a1.73 1.73 0 0 0 1.3 1.55L15.5 20a4.3 4.3 0 0 0 1.07.14 4.24 4.24 0 0 0 1.65-.34l12.72-5.44A1.76 1.76 0 0 0 32 12.59l-.82-11A1.76 1.76 0 0 0 29.43 0Z"></path><path fill="#fff" d="M3.74 9.87a3 3 0 0 0 .82.55 2.21 2.21 0 0 0 1.08.19 1.6 1.6 0 0 0 .29 0 1 1 0 0 0 .26-.12.58.58 0 0 0 .18-.2.62.62 0 0 0 0-.31.59.59 0 0 0-.32-.49 3.38 3.38 0 0 0-.85-.34L4.84 9a4.19 4.19 0 0 1-.69-.26 2.44 2.44 0 0 1-.63-.41 1.92 1.92 0 0 1-.7-1.42 2.68 2.68 0 0 1 .1-1A2.2 2.2 0 0 1 3.39 5a2.42 2.42 0 0 1 .82-.6 3.15 3.15 0 0 1 1.17-.28 3.68 3.68 0 0 1 1.72.24 3 3 0 0 1 .57.29A2.66 2.66 0 0 1 8 5l-.82 1.37a4.42 4.42 0 0 0-.82-.45 2 2 0 0 0-.85-.13 1.4 1.4 0 0 0-.28.06A.9.9 0 0 0 5 6a.62.62 0 0 0-.16.2.5.5 0 0 0 0 .28.6.6 0 0 0 .1.31.68.68 0 0 0 .24.2 1.27 1.27 0 0 0 .35.15l.43.13.35.09a7.49 7.49 0 0 1 .69.22 2.2 2.2 0 0 1 .72.42 2.46 2.46 0 0 1 .54.68 2.31 2.31 0 0 1 .27 1 2.15 2.15 0 0 1-.15 1 2.53 2.53 0 0 1-.56.84 2.77 2.77 0 0 1-.88.59 4 4 0 0 1-1.11.27A4.67 4.67 0 0 1 4 12.25a3.79 3.79 0 0 1-1.28-.75ZM11.29 3.89l2.17-.16 3.1 7.7-2 .15L14 10l-2.39.18-.35 1.67-2 .14Zm2.15 4.6-1-2.84-.61 2.95ZM17 3.47l1.89-.14.44 6 3.3-.25.16 1.92-5.19.39ZM23.36 3l5.13-.38.13 1.8-3.24.24.09 1.22 2.66-.2.12 1.7-2.65.2.09 1.35 3.46-.26.13 1.81-5.34.4Z"></path></g></g></svg></div> <!----> <!----> <!----></div></div> <div class="mobile-product-list-cell_left"><div><!----> <img src="data:image/svg+xml;base64,PD94bWwgdmVyc2lvbj0iMS4wIiBlbmNvZGluZz0idXRmLTgiPz4KPCEtLSBHZW5lcmF0ZWQgYnkgSWNvTW9vbi5pbyAtLT4KPCFET0NUWVBFIHN2ZyBQVUJMSUMgIi0vL1czQy8vRFREIFNWRyAxLjEvL0VOIiAiaHR0cDovL3d3dy53My5vcmcvR3JhcGhpY3MvU1ZHLzEuMS9EVEQvc3ZnMTEuZHRkIj4KPHN2ZyB2ZXJzaW9uPSIxLjEiIHhtbG5zPSJodHRwOi8vd3d3LnczLm9yZy8yMDAwL3N2ZyIgeG1sbnM6eGxpbms9Imh0dHA6Ly93d3cudzMub3JnLzE5OTkveGxpbmsiIHdpZHRoPSI0OCIgaGVpZ2h0PSI0OCIgdmlld0JveD0iMCAwIDQ4IDQ4Ij4KPGcgaWQ9Imljb21vb24taWdub3JlIj4KCTxsaW5lIHN0cm9rZS13aWR0aD0iMSIgeDE9IiIgeTE9IiIgeDI9IiIgeTI9IiIgc3Ryb2tlPSIjNDQ5RkRCIiBvcGFjaXR5PSIiPjwvbGluZT4KPC9nPgoJPHBhdGggZD0iTTM4LjQ4IDkuMDcwYzAuMjQ4IDAgMC40NSAwLjIwMiAwLjQ1IDAuNDV2MjguOTU5YzAgMC4yNDgtMC4yMDIgMC40NS0wLjQ1IDAuNDVoLTI4Ljk1OWMtMC4yNDggMC0wLjQ1LTAuMjAyLTAuNDUtMC40NXYtMjguOTU5YzAtMC4yNDggMC4yMDItMC40NSAwLjQ1LTAuNDVoMjguOTU5ek0zOC40OCA4aC0yOC45NTljLTAuODQgMC0xLjUyIDAuNjgxLTEuNTIgMS41MjF2MjguOTU5YzAgMC44NCAwLjY4MSAxLjUyMSAxLjUyIDEuNTIxaDI4Ljk1OWMwLjg0IDAgMS41Mi0wLjY4MSAxLjUyLTEuNTIxdi0yOC45NTljMC0wLjg0LTAuNjgxLTEuNTIxLTEuNTItMS41MjF2MHoiIG9wYWNpdHk9IjEiIHZpc2liaWxpdHk9ImZhbHNlIiBmaWxsPSIjZDdkN2Q3Ij48L3BhdGg+Cgk8cGF0aCBkPSJNMTIuMjI4IDM1LjIyNHYtMy4zMjljMC0wLjE0NSAwLjA1OC0wLjI4NSAwLjE2LTAuMzg4bDUuNTg3LTUuNTg3YzAuMjE0LTAuMjE0IDAuNTYxLTAuMjE0IDAuNzc1IDBsMi4xMTkgMi4xMTljMC4yMTQgMC4yMTQgMC41NjEgMC4yMTQgMC43NzUgMGw4LjE5MS04LjE5MmMwLjIxNC0wLjIxNCAwLjU2MS0wLjIxNCAwLjc3NSAwbDUgNWMwLjEwMyAwLjEwMyAwLjE2IDAuMjQyIDAuMTYgMC4zODh2OS45ODhjMCAwLjMwMy0wLjI0NSAwLjU0OC0wLjU0OCAwLjU0OGgtMjIuNDQ3Yy0wLjMwMyAwLTAuNTQ4LTAuMjQ1LTAuNTQ4LTAuNTQ4eiIgb3BhY2l0eT0iMSIgdmlzaWJpbGl0eT0iZmFsc2UiIGZpbGw9IiNkN2Q3ZDciPjwvcGF0aD4KCTxwYXRoIGQ9Ik0yMS41NDQgMTcuOTY3YzAgMS45ODItMS42MDYgMy41ODgtMy41ODggMy41ODhzLTMuNTg4LTEuNjA2LTMuNTg4LTMuNTg4YzAtMS45ODEgMS42MDYtMy41ODggMy41ODgtMy41ODhzMy41ODggMS42MDYgMy41ODggMy41ODh6IiBvcGFjaXR5PSIxIiB2aXNpYmlsaXR5PSJmYWxzZSIgZmlsbD0iI2Q3ZDdkNyI+PC9wYXRoPgo8L3N2Zz4K" alt="Oikos Triple Zero Blended Greek Yogurt Vanilla Non Fat" skeleton-box-size="9rem" class="product-grid-image object-contain"></div></div> <div class="mobile-product-list-cell_info"><div class="product-tile_detail"><div class="skeleton-loader_wrapper cursor-pointer"><div class="product-grid-cell_price-container product-grid-cell_price-container_column product-grid-cell_price-container--mobile"><span class="product-grid-cell_main-price product-grid-cell_main-price--on-sale"><span class="sr-only">
      Sale Price
    </span>
    $1.00
  </span> <div class="product-grid-cell_was-container"><span class="product-grid-cell_regular-price product-grid-cell_regular-price--small"><span class="sr-only">
        Original Price
      </span>
      $1.69
    </span></div></div> <!----></div> <!----></div> <div class="mobile-product-list-cell_name-content"><div class="skeleton-loader_wrapper"><div class="product-grid-cell_name"><a id="product-name-210616-16760862937201915" href="#" data-opens-modal="true" aria-haspopup="dialog" class="product-grid-cell_name-text product-grid-cell_name-text--clamp-2"><!---->
    Oikos Triple Zero Blended Greek Yogurt Vanilla Non Fat
  </a></div> <!----> <!----></div> <div class="skeleton-loader_wrapper"><div class="product-grid-cell_sizes"><span class="product-grid-cell_size">
    5.3 OZ CUP
  </span> <span aria-hidden="true">
    |
  </span> <!----> <span class="product-grid-cell_unit">
    $0.19 / OZ
  </span></div> <!----></div> <!----> <div id="coupon-link-210616-16760862937201915" tabindex="0" role="link" aria-label="Open coupon details" data-opens-modal="true" class="product-tile_coupon-offer product-tile_coupon-offer-clippable product-tile_coupon-offer--mobile" is-mobile="true"><div class="product-tile_coupon-offer-display"><div class="vector-icon-size--xsmall margin-right--half"><svg xmlns="http://www.w3.org/2000/svg" aria-label="PdlIconCouponScissor" viewBox="0 0 19 20" role="presentation" aria-hidden="true" focusable="false" class="vector-icon-stroke--coupon"><title lang="en">PdlIconCouponScissor</title><desc></desc><g fill="" stroke=""><path d="M9.622 9.622 6.444 6.444a3.19 3.19 0 1 1-4.51-4.51 3.19 3.19 0 0 1 4.51 4.51l3.178 3.178 7.688-7.688-7.688 7.688Zm0 0 7.688 7.688-7.688-7.688L6.444 12.8l3.178-3.178ZM1.934 12.8a3.19 3.19 0 1 1 4.51 4.51 3.19 3.19 0 0 1-4.51-4.51Z" stroke="#007DA3" stroke-width="2" fill="none" fill-rule="evenodd" stroke-linecap="round" stroke-linejoin="round"></path></g></svg></div> <div class="vector-icon_mobile-center"><!----></div> <div class="product-tile_coupon-offer-name flex-center product-tile_coupon-offer-name--full-tile"><!---->
      Save $1.00
    </div></div> <!----> <div class="product-tile_coupon-offer-loading-coupon"><!----></div></div> <div role="link" tabindex="0" data-opens-modal="true" aria-haspopup="dialog" class="product-grid-cell_multiple-offers"><p>
    View All Item Offers
  </p></div> <!----> <!----> <!----> <!----></div> <div class="mobile-product-list-cell_bottom"><div class="mobile-product-list-cell_bottom_cart-ui-wrapper"><!----> <!----> <div class="pdl-add-to-cart pdl-add-to-cart_coupon"><div class="pdl-add-to-cart_button"><button aria-label="Add to cart" data-product-id="210616" data-price="1" class="button button--add-to-cart add-sale">
      Add to cart
      <!----></button> <!----> <!----> <!----></div> <!----></div></div> <!----></div></div></div> <div class="product-tile_action-items"><!----> <!----> <div class="shopping-list-menu_container"><div class="relative-el"><button aria-label="add to shopping list" class="button pdl-product-detail_top-icon button--fourth pdl-product-detail_top-icon--borderless"><!----> <div class="vector-icon-size--large"><svg xmlns="http://www.w3.org/2000/svg" aria-label="Shopping List Icon Add" viewBox="0 0 32 32" role="presentation" aria-hidden="true" focusable="false" class="vector-icon-color--dark-grey"><title lang="en">Shopping List Icon Add</title><desc></desc><g fill="" stroke=""><g><path d="M21.94066,15.3368884 L21.94066,12.8931995 C21.94066,12.3409148 22.3883752,11.8931995 22.94066,11.8931995 C23.4929447,11.8931995 23.94066,12.3409148 23.94066,12.8931995 L23.94066,15.3368884 L26.2522624,15.3368884 C26.8045471,15.3368884 27.2522624,15.7846037 27.2522624,16.3368884 C27.2522624,16.8891732 26.8045471,17.3368884 26.2522624,17.3368884 L23.94066,17.3368884 L23.94066,19.8787952 C23.94066,20.43108 23.4929447,20.8787952 22.94066,20.8787952 C22.3883752,20.8787952 21.94066,20.43108 21.94066,19.8787952 L21.94066,17.3368884 L19.2666667,17.3368884 C18.7143819,17.3368884 18.2666667,16.8891732 18.2666667,16.3368884 C18.2666667,15.7846037 18.7143819,15.3368884 19.2666667,15.3368884 L21.94066,15.3368884 Z M8,12 C7.44771525,12 7,11.5522847 7,11 C7,10.4477153 7.44771525,10 8,10 L19.1153581,10 C19.6676429,10 20.1153581,10.4477153 20.1153581,11 C20.1153581,11.5522847 19.6676429,12 19.1153581,12 L8,12 Z M8,17.3368884 C7.44771525,17.3368884 7,16.8891732 7,16.3368884 C7,15.7846037 7.44771525,15.3368884 8,15.3368884 L14.7200696,15.3368884 C15.2723543,15.3368884 15.7200696,15.7846037 15.7200696,16.3368884 C15.7200696,16.8891732 15.2723543,17.3368884 14.7200696,17.3368884 L8,17.3368884 Z M8,23 C7.44771525,23 7,22.5522847 7,22 C7,21.4477153 7.44771525,21 8,21 L19.1153581,21 C19.6676429,21 20.1153581,21.4477153 20.1153581,22 C20.1153581,22.5522847 19.6676429,23 19.1153581,23 L8,23 Z" fill="#000000" fill-rule="nonzero"></path></g></g></svg></div> <div class="pdl-product-detail_list-tooltip"><p>Add item to shopping list</p> <em></em></div></button></div></div></div> <!----></li> <!----><!----> <!----> <!----> <!----> <li tabindex="-1" data-product-id="125789" class="slot mobile-product-list-cell"><!----> <!----> <!----> <!----> <div class="mobile-product-list-cell_content"><div><!----> <div class="flag_outer-container"><!----> <!----> <!----> <!----></div></div> <div class="mobile-product-list-cell_left"><div><!----> <img src="data:image/svg+xml;base64,PD94bWwgdmVyc2lvbj0iMS4wIiBlbmNvZGluZz0idXRmLTgiPz4KPCEtLSBHZW5lcmF0ZWQgYnkgSWNvTW9vbi5pbyAtLT4KPCFET0NUWVBFIHN2ZyBQVUJMSUMgIi0vL1czQy8vRFREIFNWRyAxLjEvL0VOIiAiaHR0cDovL3d3dy53My5vcmcvR3JhcGhpY3MvU1ZHLzEuMS9EVEQvc3ZnMTEuZHRkIj4KPHN2ZyB2ZXJzaW9uPSIxLjEiIHhtbG5zPSJodHRwOi8vd3d3LnczLm9yZy8yMDAwL3N2ZyIgeG1sbnM6eGxpbms9Imh0dHA6Ly93d3cudzMub3JnLzE5OTkveGxpbmsiIHdpZHRoPSI0OCIgaGVpZ2h0PSI0OCIgdmlld0JveD0iMCAwIDQ4IDQ4Ij4KPGcgaWQ9Imljb21vb24taWdub3JlIj4KCTxsaW5lIHN0cm9rZS13aWR0aD0iMSIgeDE9IiIgeTE9IiIgeDI9IiIgeTI9IiIgc3Ryb2tlPSIjNDQ5RkRCIiBvcGFjaXR5PSIiPjwvbGluZT4KPC9nPgoJPHBhdGggZD0iTTM4LjQ4IDkuMDcwYzAuMjQ4IDAgMC40NSAwLjIwMiAwLjQ1IDAuNDV2MjguOTU5YzAgMC4yNDgtMC4yMDIgMC40NS0wLjQ1IDAuNDVoLTI4Ljk1OWMtMC4yNDggMC0wLjQ1LTAuMjAyLTAuNDUtMC40NXYtMjguOTU5YzAtMC4yNDggMC4yMDItMC40NSAwLjQ1LTAuNDVoMjguOTU5ek0zOC40OCA4aC0yOC45NTljLTAuODQgMC0xLjUyIDAuNjgxLTEuNTIgMS41MjF2MjguOTU5YzAgMC44NCAwLjY4MSAxLjUyMSAxLjUyIDEuNTIxaDI4Ljk1OWMwLjg0IDAgMS41Mi0wLjY4MSAxLjUyLTEuNTIxdi0yOC45NTljMC0wLjg0LTAuNjgxLTEuNTIxLTEuNTItMS41MjF2MHoiIG9wYWNpdHk9IjEiIHZpc2liaWxpdHk9ImZhbHNlIiBmaWxsPSIjZDdkN2Q3Ij48L3BhdGg+Cgk8cGF0aCBkPSJNMTIuMjI4IDM1LjIyNHYtMy4zMjljMC0wLjE0NSAwLjA1OC0wLjI4NSAwLjE2LTAuMzg4bDUuNTg3LTUuNTg3YzAuMjE0LTAuMjE0IDAuNTYxLTAuMjE0IDAuNzc1IDBsMi4xMTkgMi4xMTljMC4yMTQgMC4yMTQgMC41NjEgMC4yMTQgMC43NzUgMGw4LjE5MS04LjE5MmMwLjIxNC0wLjIxNCAwLjU2MS0wLjIxNCAwLjc3NSAwbDUgNWMwLjEwMyAwLjEwMyAwLjE2IDAuMjQyIDAuMTYgMC4zODh2OS45ODhjMCAwLjMwMy0wLjI0NSAwLjU0OC0wLjU0OCAwLjU0OGgtMjIuNDQ3Yy0wLjMwMyAwLTAuNTQ4LTAuMjQ1LTAuNTQ4LTAuNTQ4eiIgb3BhY2l0eT0iMSIgdmlzaWJpbGl0eT0iZmFsc2UiIGZpbGw9IiNkN2Q3ZDciPjwvcGF0aD4KCTxwYXRoIGQ9Ik0yMS41NDQgMTcuOTY3YzAgMS45ODItMS42MDYgMy41ODgtMy41ODggMy41ODhzLTMuNTg4LTEuNjA2LTMuNTg4LTMuNTg4YzAtMS45ODEgMS42MDYtMy41ODggMy41ODgtMy41ODhzMy41ODggMS42MDYgMy41ODggMy41ODh6IiBvcGFjaXR5PSIxIiB2aXNpYmlsaXR5PSJmYWxzZSIgZmlsbD0iI2Q3ZDdkNyI+PC9wYXRoPgo8L3N2Zz4K" alt="Stop &amp; Shop Salad Blends Butter Lettuce" skeleton-box-size="9rem" class="product-grid-image object-contain"></div></div> <div class="mobile-product-list-cell_info"><div class="product-tile_detail"><div class="skeleton-loader_wrapper cursor-pointer"><div class="product-grid-cell_price-container product-grid-cell_price-container--mobile"><span class="product-grid-cell_main-price"><!---->
    $3.19
  </span> <!----></div> <!----></div> <!----></div> <div class="mobile-product-list-cell_name-content"><div class="skeleton-loader_wrapper"><div class="product-grid-cell_name"><a id="product-name-125789-16760862937283232" href="#" data-opens-modal="true" aria-haspopup="dialog" class="product-grid-cell_name-text product-grid-cell_name-text--clamp-2"><span class="vector-icon_inline-text--left mr-0"><div class="vector-icon-size--xsmall"><svg xmlns="http://www.w3.org/2000/svg" aria-label="Ahold Icon" viewBox="0 0 1024 945" role="presentation" aria-hidden="true" focusable="false" class=""><title lang="en">Ahold Icon</title><desc></desc><g fill="" stroke=""><g><path d="M1.893 730.617c-1.289-2.094-2.052-4.631-2.052-7.346 0-.747.058-1.481.169-2.197.158-12.396 10.227-22.466 22.687-22.634h895.306c12.476.168 22.545 10.237 22.713 22.698-.521 3.721-1.182 6.924-2.024 10.053l.131-.574c-86.363 175.072-263.598 293.385-468.466 293.385S88.254 905.689 3.252 733.663l-1.361-3.046z" fill="#F7A800" class="path1"></path> <path d="M107.889 132.495c1.893-1.893 1.893-3.786 3.786-5.678 2.98-3.491 7.385-5.69 12.303-5.69s9.323 2.199 12.284 5.668l.019.022L613.264 603.8c3.491 2.98 5.69 7.385 5.69 12.303s-2.199 9.323-5.668 12.284c-1.399 1.869-3.361 3.216-5.631 3.789l-.069.015c-38.446 13.732-82.796 21.669-129.001 21.669-108.416 0-206.626-43.699-277.977-114.443C130.241 467.591 86.799 369.1 86.799 260.462c0-45.803 7.722-89.803 21.936-130.767l-.845 2.8z" fill="#E2231A" class="path2"></path> <path d="M600.015 1.893a6.922 6.922 0 0 1 5.713-1.889c.057-.006.164-.007.272-.007 7.15 0 12.947 5.796 12.947 12.947 0 .108-.001.215-.004.322v-.016 503.482c.002.091.004.199.004.306 0 7.15-5.796 12.947-12.947 12.947-.108 0-.215-.001-.322-.004a6.925 6.925 0 0 1-5.665-1.895l.002.002c-98.273-48.542-164.673-148.065-164.673-263.098S501.743 50.434 598.306 2.657l1.709-.765z" fill="#712177" class="path3"></path> <path d="M938.824 283.919c1.893 0 1.893 1.893 3.786 1.893 1.765 2.012 2.841 4.666 2.841 7.571s-1.077 5.559-2.853 7.584l.011-.013-268.776 266.884c-2.012 1.765-4.666 2.841-7.571 2.841s-5.559-1.077-7.584-2.853a3.774 3.774 0 0 1-1.877-3.793l-.002.019c-7.681-21.529-12.12-46.363-12.12-72.235 0-61.263 24.891-116.712 65.111-156.786 39.326-39.792 93.895-64.431 154.219-64.431 26.857 0 52.573 4.884 76.309 13.812l-1.494-.493z" fill="#82BC00" class="path4"></path></g></g></svg></div></span>
    Stop &amp; Shop Salad Blends Butter Lettuce
  </a></div> <!----> <!----></div> <div class="skeleton-loader_wrapper"><div class="product-grid-cell_sizes"><span class="product-grid-cell_size">
    7 OZ BAG
  </span> <span aria-hidden="true">
    |
  </span> <!----> <span class="product-grid-cell_unit">
    $0.46 / OZ
  </span></div> <!----></div> <!----> <!----> <!----> <!----> <!----> <!----> <!----></div> <div class="mobile-product-list-cell_bottom"><div class="mobile-product-list-cell_bottom_cart-ui-wrapper"><!----> <!----> <div class="pdl-add-to-cart"><div class="pdl-add-to-cart_button"><button aria-label="Add to cart" data-product-id="125789" data-price="3.19" class="button button--add-to-cart">
      Add to cart
      <!----></button> <!----> <!----> <!----></div> <!----></div></div> <!----></div></div></div> <div class="product-tile_action-items"><!----> <!----> <div class="shopping-list-menu_container"><div class="relative-el"><button aria-label="add to shopping list" class="button pdl-product-detail_top-icon button--fourth pdl-product-detail_top-icon--borderless"><!----> <div class="vector-icon-size--large"><svg xmlns="http://www.w3.org/2000/svg" aria-label="Shopping List Icon Add" viewBox="0 0 32 32" role="presentation" aria-hidden="true" focusable="false" class="vector-icon-color--dark-grey"><title lang="en">Shopping List Icon Add</title><desc></desc><g fill="" stroke=""><g><path d="M21.94066,15.3368884 L21.94066,12.8931995 C21.94066,12.3409148 22.3883752,11.8931995 22.94066,11.8931995 C23.4929447,11.8931995 23.94066,12.3409148 23.94066,12.8931995 L23.94066,15.3368884 L26.2522624,15.3368884 C26.8045471,15.3368884 27.2522624,15.7846037 27.2522624,16.3368884 C27.2522624,16.8891732 26.8045471,17.3368884 26.2522624,17.3368884 L23.94066,17.3368884 L23.94066,19.8787952 C23.94066,20.43108 23.4929447,20.8787952 22.94066,20.8787952 C22.3883752,20.8787952 21.94066,20.43108 21.94066,19.8787952 L21.94066,17.3368884 L19.2666667,17.3368884 C18.7143819,17.3368884 18.2666667,16.8891732 18.2666667,16.3368884 C18.2666667,15.7846037 18.7143819,15.3368884 19.2666667,15.3368884 L21.94066,15.3368884 Z M8,12 C7.44771525,12 7,11.5522847 7,11 C7,10.4477153 7.44771525,10 8,10 L19.1153581,10 C19.6676429,10 20.1153581,10.4477153 20.1153581,11 C20.1153581,11.5522847 19.6676429,12 19.1153581,12 L8,12 Z M8,17.3368884 C7.44771525,17.3368884 7,16.8891732 7,16.3368884 C7,15.7846037 7.44771525,15.3368884 8,15.3368884 L14.7200696,15.3368884 C15.2723543,15.3368884 15.7200696,15.7846037 15.7200696,16.3368884 C15.7200696,16.8891732 15.2723543,17.3368884 14.7200696,17.3368884 L8,17.3368884 Z M8,23 C7.44771525,23 7,22.5522847 7,22 C7,21.4477153 7.44771525,21 8,21 L19.1153581,21 C19.6676429,21 20.1153581,21.4477153 20.1153581,22 C20.1153581,22.5522847 19.6676429,23 19.1153581,23 L8,23 Z" fill="#000000" fill-rule="nonzero"></path></g></g></svg></div> <div class="pdl-product-detail_list-tooltip"><p>Add item to shopping list</p> <em></em></div></button></div></div></div> <!----></li> <!----><!----> <!----> <!----> <!----> <li tabindex="-1" data-product-id="145637" class="slot mobile-product-list-cell"><!----> <!----> <!----> <!----> <div class="mobile-product-list-cell_content"><div><!----> <div class="flag_outer-container"><!----> <!----> <!----> <!----></div></div> <div class="mobile-product-list-cell_left"><div><!----> <img src="data:image/svg+xml;base64,PD94bWwgdmVyc2lvbj0iMS4wIiBlbmNvZGluZz0idXRmLTgiPz4KPCEtLSBHZW5lcmF0ZWQgYnkgSWNvTW9vbi5pbyAtLT4KPCFET0NUWVBFIHN2ZyBQVUJMSUMgIi0vL1czQy8vRFREIFNWRyAxLjEvL0VOIiAiaHR0cDovL3d3dy53My5vcmcvR3JhcGhpY3MvU1ZHLzEuMS9EVEQvc3ZnMTEuZHRkIj4KPHN2ZyB2ZXJzaW9uPSIxLjEiIHhtbG5zPSJodHRwOi8vd3d3LnczLm9yZy8yMDAwL3N2ZyIgeG1sbnM6eGxpbms9Imh0dHA6Ly93d3cudzMub3JnLzE5OTkveGxpbmsiIHdpZHRoPSI0OCIgaGVpZ2h0PSI0OCIgdmlld0JveD0iMCAwIDQ4IDQ4Ij4KPGcgaWQ9Imljb21vb24taWdub3JlIj4KCTxsaW5lIHN0cm9rZS13aWR0aD0iMSIgeDE9IiIgeTE9IiIgeDI9IiIgeTI9IiIgc3Ryb2tlPSIjNDQ5RkRCIiBvcGFjaXR5PSIiPjwvbGluZT4KPC9nPgoJPHBhdGggZD0iTTM4LjQ4IDkuMDcwYzAuMjQ4IDAgMC40NSAwLjIwMiAwLjQ1IDAuNDV2MjguOTU5YzAgMC4yNDgtMC4yMDIgMC40NS0wLjQ1IDAuNDVoLTI4Ljk1OWMtMC4yNDggMC0wLjQ1LTAuMjAyLTAuNDUtMC40NXYtMjguOTU5YzAtMC4yNDggMC4yMDItMC40NSAwLjQ1LTAuNDVoMjguOTU5ek0zOC40OCA4aC0yOC45NTljLTAuODQgMC0xLjUyIDAuNjgxLTEuNTIgMS41MjF2MjguOTU5YzAgMC44NCAwLjY4MSAxLjUyMSAxLjUyIDEuNTIxaDI4Ljk1OWMwLjg0IDAgMS41Mi0wLjY4MSAxLjUyLTEuNTIxdi0yOC45NTljMC0wLjg0LTAuNjgxLTEuNTIxLTEuNTItMS41MjF2MHoiIG9wYWNpdHk9IjEiIHZpc2liaWxpdHk9ImZhbHNlIiBmaWxsPSIjZDdkN2Q3Ij48L3BhdGg+Cgk8cGF0aCBkPSJNMTIuMjI4IDM1LjIyNHYtMy4zMjljMC0wLjE0NSAwLjA1OC0wLjI4NSAwLjE2LTAuMzg4bDUuNTg3LTUuNTg3YzAuMjE0LTAuMjE0IDAuNTYxLTAuMjE0IDAuNzc1IDBsMi4xMTkgMi4xMTljMC4yMTQgMC4yMTQgMC41NjEgMC4yMTQgMC43NzUgMGw4LjE5MS04LjE5MmMwLjIxNC0wLjIxNCAwLjU2MS0wLjIxNCAwLjc3NSAwbDUgNWMwLjEwMyAwLjEwMyAwLjE2IDAuMjQyIDAuMTYgMC4zODh2OS45ODhjMCAwLjMwMy0wLjI0NSAwLjU0OC0wLjU0OCAwLjU0OGgtMjIuNDQ3Yy0wLjMwMyAwLTAuNTQ4LTAuMjQ1LTAuNTQ4LTAuNTQ4eiIgb3BhY2l0eT0iMSIgdmlzaWJpbGl0eT0iZmFsc2UiIGZpbGw9IiNkN2Q3ZDciPjwvcGF0aD4KCTxwYXRoIGQ9Ik0yMS41NDQgMTcuOTY3YzAgMS45ODItMS42MDYgMy41ODgtMy41ODggMy41ODhzLTMuNTg4LTEuNjA2LTMuNTg4LTMuNTg4YzAtMS45ODEgMS42MDYtMy41ODggMy41ODgtMy41ODhzMy41ODggMS42MDYgMy41ODggMy41ODh6IiBvcGFjaXR5PSIxIiB2aXNpYmlsaXR5PSJmYWxzZSIgZmlsbD0iI2Q3ZDdkNyI+PC9wYXRoPgo8L3N2Zz4K" alt="Birds Eye Steamfresh Broccoli Florets" skeleton-box-size="9rem" class="product-grid-image object-contain"></div></div> <div class="mobile-product-list-cell_info"><div class="product-tile_detail"><div class="skeleton-loader_wrapper cursor-pointer"><div class="product-grid-cell_price-container product-grid-cell_price-container--mobile"><span class="product-grid-cell_main-price"><!---->
    $2.99
  </span> <!----></div> <!----></div> <!----></div> <div class="mobile-product-list-cell_name-content"><div class="skeleton-loader_wrapper"><div class="product-grid-cell_name"><a id="product-name-145637-16760862937300125" href="#" data-opens-modal="true" aria-haspopup="dialog" class="product-grid-cell_name-text product-grid-cell_name-text--clamp-2"><!---->
    Birds Eye Steamfresh Broccoli Florets
  </a></div> <!----> <!----></div> <div class="skeleton-loader_wrapper"><div class="product-grid-cell_sizes"><span class="product-grid-cell_size">
    10.8 OZ BAG
  </span> <span aria-hidden="true">
    |
  </span> <!----> <span class="product-grid-cell_unit">
    $0.28 / OZ
  </span></div> <!----></div> <!----> <!----> <!----> <!----> <!----> <!----> <!----></div> <div class="mobile-product-list-cell_bottom"><div class="mobile-product-list-cell_bottom_cart-ui-wrapper"><!----> <!----> <div class="pdl-add-to-cart"><div class="pdl-add-to-cart_button"><button aria-label="Add to cart" data-product-id="145637" data-price="2.99" class="button button--add-to-cart">
      Add to cart
      <!----></button> <!----> <!----> <!----></div> <!----></div></div> <!----></div></div></div> <div class="product-tile_action-items"><!----> <!----> <div class="shopping-list-menu_container"><div class="relative-el"><button aria-label="add to shopping list" class="button pdl-product-detail_top-icon button--fourth pdl-product-detail_top-icon--borderless"><!----> <div class="vector-icon-size--large"><svg xmlns="http://www.w3.org/2000/svg" aria-label="Shopping List Icon Add" viewBox="0 0 32 32" role="presentation" aria-hidden="true" focusable="false" class="vector-icon-color--dark-grey"><title lang="en">Shopping List Icon Add</title><desc></desc><g fill="" stroke=""><g><path d="M21.94066,15.3368884 L21.94066,12.8931995 C21.94066,12.3409148 22.3883752,11.8931995 22.94066,11.8931995 C23.4929447,11.8931995 23.94066,12.3409148 23.94066,12.8931995 L23.94066,15.3368884 L26.2522624,15.3368884 C26.8045471,15.3368884 27.2522624,15.7846037 27.2522624,16.3368884 C27.2522624,16.8891732 26.8045471,17.3368884 26.2522624,17.3368884 L23.94066,17.3368884 L23.94066,19.8787952 C23.94066,20.43108 23.4929447,20.8787952 22.94066,20.8787952 C22.3883752,20.8787952 21.94066,20.43108 21.94066,19.8787952 L21.94066,17.3368884 L19.2666667,17.3368884 C18.7143819,17.3368884 18.2666667,16.8891732 18.2666667,16.3368884 C18.2666667,15.7846037 18.7143819,15.3368884 19.2666667,15.3368884 L21.94066,15.3368884 Z M8,12 C7.44771525,12 7,11.5522847 7,11 C7,10.4477153 7.44771525,10 8,10 L19.1153581,10 C19.6676429,10 20.1153581,10.4477153 20.1153581,11 C20.1153581,11.5522847 19.6676429,12 19.1153581,12 L8,12 Z M8,17.3368884 C7.44771525,17.3368884 7,16.8891732 7,16.3368884 C7,15.7846037 7.44771525,15.3368884 8,15.3368884 L14.7200696,15.3368884 C15.2723543,15.3368884 15.7200696,15.7846037 15.7200696,16.3368884 C15.7200696,16.8891732 15.2723543,17.3368884 14.7200696,17.3368884 L8,17.3368884 Z M8,23 C7.44771525,23 7,22.5522847 7,22 C7,21.4477153 7.44771525,21 8,21 L19.1153581,21 C19.6676429,21 20.1153581,21.4477153 20.1153581,22 C20.1153581,22.5522847 19.6676429,23 19.1153581,23 L8,23 Z" fill="#000000" fill-rule="nonzero"></path></g></g></svg></div> <div class="pdl-product-detail_list-tooltip"><p>Add item to shopping list</p> <em></em></div></button></div></div></div> <!----></li> <!----><!----> <!----> <!----> <!----> <li tabindex="-1" data-product-id="124320" class="slot mobile-product-list-cell"><!----> <!----> <!----> <!----> <div class="mobile-product-list-cell_content"><div><!----> <div class="flag_outer-container"><div class=""><svg xmlns="http://www.w3.org/2000/svg" aria-label="Sale" viewBox="0 0 32 32" role="presentation" aria-hidden="true" focusable="false" class="w-20 ml-3"><title lang="en">Sale</title><desc></desc><g fill="" stroke=""><g><path d="M16.56 19.87a3.81 3.81 0 0 1-1-.13l-13.39-3.5a1.5 1.5 0 0 1-1.12-1.34l-.81-11a1.52 1.52 0 0 1 1.39-1.61l27.69-2h.11a1.51 1.51 0 0 1 1.5 1.4l.82 11a1.52 1.52 0 0 1-.91 1.5l-12.72 5.36a3.79 3.79 0 0 1-1.56.32Z" fill="#ed1256"></path><path fill="#fff" d="M29.43.48a1.26 1.26 0 0 1 1.26 1.17l.82 11a1.27 1.27 0 0 1-.76 1.26L18 19.34a3.72 3.72 0 0 1-1.47.3 3.79 3.79 0 0 1-.94-.12L2.24 16a1.27 1.27 0 0 1-1-1.13l-.81-11a1.26 1.26 0 0 1 1.22-1.33L29.34.48h.09m0-.48h-.13L1.62 2A1.76 1.76 0 0 0 0 3.92l.82 11a1.73 1.73 0 0 0 1.3 1.55L15.5 20a4.3 4.3 0 0 0 1.07.14 4.24 4.24 0 0 0 1.65-.34l12.72-5.44A1.76 1.76 0 0 0 32 12.59l-.82-11A1.76 1.76 0 0 0 29.43 0Z"></path><path fill="#fff" d="M3.74 9.87a3 3 0 0 0 .82.55 2.21 2.21 0 0 0 1.08.19 1.6 1.6 0 0 0 .29 0 1 1 0 0 0 .26-.12.58.58 0 0 0 .18-.2.62.62 0 0 0 0-.31.59.59 0 0 0-.32-.49 3.38 3.38 0 0 0-.85-.34L4.84 9a4.19 4.19 0 0 1-.69-.26 2.44 2.44 0 0 1-.63-.41 1.92 1.92 0 0 1-.7-1.42 2.68 2.68 0 0 1 .1-1A2.2 2.2 0 0 1 3.39 5a2.42 2.42 0 0 1 .82-.6 3.15 3.15 0 0 1 1.17-.28 3.68 3.68 0 0 1 1.72.24 3 3 0 0 1 .57.29A2.66 2.66 0 0 1 8 5l-.82 1.37a4.42 4.42 0 0 0-.82-.45 2 2 0 0 0-.85-.13 1.4 1.4 0 0 0-.28.06A.9.9 0 0 0 5 6a.62.62 0 0 0-.16.2.5.5 0 0 0 0 .28.6.6 0 0 0 .1.31.68.68 0 0 0 .24.2 1.27 1.27 0 0 0 .35.15l.43.13.35.09a7.49 7.49 0 0 1 .69.22 2.2 2.2 0 0 1 .72.42 2.46 2.46 0 0 1 .54.68 2.31 2.31 0 0 1 .27 1 2.15 2.15 0 0 1-.15 1 2.53 2.53 0 0 1-.56.84 2.77 2.77 0 0 1-.88.59 4 4 0 0 1-1.11.27A4.67 4.67 0 0 1 4 12.25a3.79 3.79 0 0 1-1.28-.75ZM11.29 3.89l2.17-.16 3.1 7.7-2 .15L14 10l-2.39.18-.35 1.67-2 .14Zm2.15 4.6-1-2.84-.61 2.95ZM17 3.47l1.89-.14.44 6 3.3-.25.16 1.92-5.19.39ZM23.36 3l5.13-.38.13 1.8-3.24.24.09 1.22 2.66-.2.12 1.7-2.65.2.09 1.35 3.46-.26.13 1.81-5.34.4Z"></path></g></g></svg></div> <!----> <!----> <!----></div></div> <div class="mobile-product-list-cell_left"><div><!----> <img src="data:image/svg+xml;base64,PD94bWwgdmVyc2lvbj0iMS4wIiBlbmNvZGluZz0idXRmLTgiPz4KPCEtLSBHZW5lcmF0ZWQgYnkgSWNvTW9vbi5pbyAtLT4KPCFET0NUWVBFIHN2ZyBQVUJMSUMgIi0vL1czQy8vRFREIFNWRyAxLjEvL0VOIiAiaHR0cDovL3d3dy53My5vcmcvR3JhcGhpY3MvU1ZHLzEuMS9EVEQvc3ZnMTEuZHRkIj4KPHN2ZyB2ZXJzaW9uPSIxLjEiIHhtbG5zPSJodHRwOi8vd3d3LnczLm9yZy8yMDAwL3N2ZyIgeG1sbnM6eGxpbms9Imh0dHA6Ly93d3cudzMub3JnLzE5OTkveGxpbmsiIHdpZHRoPSI0OCIgaGVpZ2h0PSI0OCIgdmlld0JveD0iMCAwIDQ4IDQ4Ij4KPGcgaWQ9Imljb21vb24taWdub3JlIj4KCTxsaW5lIHN0cm9rZS13aWR0aD0iMSIgeDE9IiIgeTE9IiIgeDI9IiIgeTI9IiIgc3Ryb2tlPSIjNDQ5RkRCIiBvcGFjaXR5PSIiPjwvbGluZT4KPC9nPgoJPHBhdGggZD0iTTM4LjQ4IDkuMDcwYzAuMjQ4IDAgMC40NSAwLjIwMiAwLjQ1IDAuNDV2MjguOTU5YzAgMC4yNDgtMC4yMDIgMC40NS0wLjQ1IDAuNDVoLTI4Ljk1OWMtMC4yNDggMC0wLjQ1LTAuMjAyLTAuNDUtMC40NXYtMjguOTU5YzAtMC4yNDggMC4yMDItMC40NSAwLjQ1LTAuNDVoMjguOTU5ek0zOC40OCA4aC0yOC45NTljLTAuODQgMC0xLjUyIDAuNjgxLTEuNTIgMS41MjF2MjguOTU5YzAgMC44NCAwLjY4MSAxLjUyMSAxLjUyIDEuNTIxaDI4Ljk1OWMwLjg0IDAgMS41Mi0wLjY4MSAxLjUyLTEuNTIxdi0yOC45NTljMC0wLjg0LTAuNjgxLTEuNTIxLTEuNTItMS41MjF2MHoiIG9wYWNpdHk9IjEiIHZpc2liaWxpdHk9ImZhbHNlIiBmaWxsPSIjZDdkN2Q3Ij48L3BhdGg+Cgk8cGF0aCBkPSJNMTIuMjI4IDM1LjIyNHYtMy4zMjljMC0wLjE0NSAwLjA1OC0wLjI4NSAwLjE2LTAuMzg4bDUuNTg3LTUuNTg3YzAuMjE0LTAuMjE0IDAuNTYxLTAuMjE0IDAuNzc1IDBsMi4xMTkgMi4xMTljMC4yMTQgMC4yMTQgMC41NjEgMC4yMTQgMC43NzUgMGw4LjE5MS04LjE5MmMwLjIxNC0wLjIxNCAwLjU2MS0wLjIxNCAwLjc3NSAwbDUgNWMwLjEwMyAwLjEwMyAwLjE2IDAuMjQyIDAuMTYgMC4zODh2OS45ODhjMCAwLjMwMy0wLjI0NSAwLjU0OC0wLjU0OCAwLjU0OGgtMjIuNDQ3Yy0wLjMwMyAwLTAuNTQ4LTAuMjQ1LTAuNTQ4LTAuNTQ4eiIgb3BhY2l0eT0iMSIgdmlzaWJpbGl0eT0iZmFsc2UiIGZpbGw9IiNkN2Q3ZDciPjwvcGF0aD4KCTxwYXRoIGQ9Ik0yMS41NDQgMTcuOTY3YzAgMS45ODItMS42MDYgMy41ODgtMy41ODggMy41ODhzLTMuNTg4LTEuNjA2LTMuNTg4LTMuNTg4YzAtMS45ODEgMS42MDYtMy41ODggMy41ODgtMy41ODhzMy41ODggMS42MDYgMy41ODggMy41ODh6IiBvcGFjaXR5PSIxIiB2aXNpYmlsaXR5PSJmYWxzZSIgZmlsbD0iI2Q3ZDdkNyI+PC9wYXRoPgo8L3N2Zz4K" alt="Strawberries Organic" skeleton-box-size="9rem" class="product-grid-image object-contain"></div></div> <div class="mobile-product-list-cell_info"><div class="product-tile_detail"><div class="skeleton-loader_wrapper cursor-pointer"><div class="product-grid-cell_price-container product-grid-cell_price-container_column product-grid-cell_price-container--mobile"><span class="product-grid-cell_main-price product-grid-cell_main-price--on-sale"><span class="sr-only">
      Sale Price
    </span>
    $5.99
  </span> <div class="product-grid-cell_was-container"><span class="product-grid-cell_regular-price product-grid-cell_regular-price--small"><span class="sr-only">
        Original Price
      </span>
      $7.99
    </span></div></div> <!----></div> <!----></div> <div class="mobile-product-list-cell_name-content"><div class="skeleton-loader_wrapper"><div class="product-grid-cell_name"><a id="product-name-124320-16760862937344529" href="#" data-opens-modal="true" aria-haspopup="dialog" class="product-grid-cell_name-text product-grid-cell_name-text--clamp-2"><!---->
    Strawberries Organic
  </a></div> <!----> <!----></div> <div class="skeleton-loader_wrapper"><div class="product-grid-cell_sizes"><span class="product-grid-cell_size">
    16 OZ PKG
  </span> <span aria-hidden="true">
    |
  </span> <!----> <span class="product-grid-cell_unit">
    $0.37 / OZ
  </span></div> <!----></div> <!----> <!----> <!----> <!----> <!----> <!----> <!----></div> <div class="mobile-product-list-cell_bottom"><div class="mobile-product-list-cell_bottom_cart-ui-wrapper"><!----> <!----> <div class="pdl-add-to-cart"><div class="pdl-add-to-cart_button"><button aria-label="Add to cart" data-product-id="124320" data-price="5.99" class="button button--add-to-cart add-sale">
      Add to cart
      <!----></button> <!----> <!----> <!----></div> <!----></div></div> <!----></div></div></div> <div class="product-tile_action-items"><!----> <!----> <div class="shopping-list-menu_container"><div class="relative-el"><button aria-label="add to shopping list" class="button pdl-product-detail_top-icon button--fourth pdl-product-detail_top-icon--borderless"><!----> <div class="vector-icon-size--large"><svg xmlns="http://www.w3.org/2000/svg" aria-label="Shopping List Icon Add" viewBox="0 0 32 32" role="presentation" aria-hidden="true" focusable="false" class="vector-icon-color--dark-grey"><title lang="en">Shopping List Icon Add</title><desc></desc><g fill="" stroke=""><g><path d="M21.94066,15.3368884 L21.94066,12.8931995 C21.94066,12.3409148 22.3883752,11.8931995 22.94066,11.8931995 C23.4929447,11.8931995 23.94066,12.3409148 23.94066,12.8931995 L23.94066,15.3368884 L26.2522624,15.3368884 C26.8045471,15.3368884 27.2522624,15.7846037 27.2522624,16.3368884 C27.2522624,16.8891732 26.8045471,17.3368884 26.2522624,17.3368884 L23.94066,17.3368884 L23.94066,19.8787952 C23.94066,20.43108 23.4929447,20.8787952 22.94066,20.8787952 C22.3883752,20.8787952 21.94066,20.43108 21.94066,19.8787952 L21.94066,17.3368884 L19.2666667,17.3368884 C18.7143819,17.3368884 18.2666667,16.8891732 18.2666667,16.3368884 C18.2666667,15.7846037 18.7143819,15.3368884 19.2666667,15.3368884 L21.94066,15.3368884 Z M8,12 C7.44771525,12 7,11.5522847 7,11 C7,10.4477153 7.44771525,10 8,10 L19.1153581,10 C19.6676429,10 20.1153581,10.4477153 20.1153581,11 C20.1153581,11.5522847 19.6676429,12 19.1153581,12 L8,12 Z M8,17.3368884 C7.44771525,17.3368884 7,16.8891732 7,16.3368884 C7,15.7846037 7.44771525,15.3368884 8,15.3368884 L14.7200696,15.3368884 C15.2723543,15.3368884 15.7200696,15.7846037 15.7200696,16.3368884 C15.7200696,16.8891732 15.2723543,17.3368884 14.7200696,17.3368884 L8,17.3368884 Z M8,23 C7.44771525,23 7,22.5522847 7,22 C7,21.4477153 7.44771525,21 8,21 L19.1153581,21 C19.6676429,21 20.1153581,21.4477153 20.1153581,22 C20.1153581,22.5522847 19.6676429,23 19.1153581,23 L8,23 Z" fill="#000000" fill-rule="nonzero"></path></g></g></svg></div> <div class="pdl-product-detail_list-tooltip"><p>Add item to shopping list</p> <em></em></div></button></div></div></div> <!----></li> <!----><!----> <!----> <!----> <!----> <li tabindex="-1" data-product-id="155128" class="slot mobile-product-list-cell"><!----> <!----> <!----> <!----> <div class="mobile-product-list-cell_content"><div><!----> <div class="flag_outer-container"><!----> <!----> <!----> <!----></div></div> <div class="mobile-product-list-cell_left"><div><!----> <img src="data:image/svg+xml;base64,PD94bWwgdmVyc2lvbj0iMS4wIiBlbmNvZGluZz0idXRmLTgiPz4KPCEtLSBHZW5lcmF0ZWQgYnkgSWNvTW9vbi5pbyAtLT4KPCFET0NUWVBFIHN2ZyBQVUJMSUMgIi0vL1czQy8vRFREIFNWRyAxLjEvL0VOIiAiaHR0cDovL3d3dy53My5vcmcvR3JhcGhpY3MvU1ZHLzEuMS9EVEQvc3ZnMTEuZHRkIj4KPHN2ZyB2ZXJzaW9uPSIxLjEiIHhtbG5zPSJodHRwOi8vd3d3LnczLm9yZy8yMDAwL3N2ZyIgeG1sbnM6eGxpbms9Imh0dHA6Ly93d3cudzMub3JnLzE5OTkveGxpbmsiIHdpZHRoPSI0OCIgaGVpZ2h0PSI0OCIgdmlld0JveD0iMCAwIDQ4IDQ4Ij4KPGcgaWQ9Imljb21vb24taWdub3JlIj4KCTxsaW5lIHN0cm9rZS13aWR0aD0iMSIgeDE9IiIgeTE9IiIgeDI9IiIgeTI9IiIgc3Ryb2tlPSIjNDQ5RkRCIiBvcGFjaXR5PSIiPjwvbGluZT4KPC9nPgoJPHBhdGggZD0iTTM4LjQ4IDkuMDcwYzAuMjQ4IDAgMC40NSAwLjIwMiAwLjQ1IDAuNDV2MjguOTU5YzAgMC4yNDgtMC4yMDIgMC40NS0wLjQ1IDAuNDVoLTI4Ljk1OWMtMC4yNDggMC0wLjQ1LTAuMjAyLTAuNDUtMC40NXYtMjguOTU5YzAtMC4yNDggMC4yMDItMC40NSAwLjQ1LTAuNDVoMjguOTU5ek0zOC40OCA4aC0yOC45NTljLTAuODQgMC0xLjUyIDAuNjgxLTEuNTIgMS41MjF2MjguOTU5YzAgMC44NCAwLjY4MSAxLjUyMSAxLjUyIDEuNTIxaDI4Ljk1OWMwLjg0IDAgMS41Mi0wLjY4MSAxLjUyLTEuNTIxdi0yOC45NTljMC0wLjg0LTAuNjgxLTEuNTIxLTEuNTItMS41MjF2MHoiIG9wYWNpdHk9IjEiIHZpc2liaWxpdHk9ImZhbHNlIiBmaWxsPSIjZDdkN2Q3Ij48L3BhdGg+Cgk8cGF0aCBkPSJNMTIuMjI4IDM1LjIyNHYtMy4zMjljMC0wLjE0NSAwLjA1OC0wLjI4NSAwLjE2LTAuMzg4bDUuNTg3LTUuNTg3YzAuMjE0LTAuMjE0IDAuNTYxLTAuMjE0IDAuNzc1IDBsMi4xMTkgMi4xMTljMC4yMTQgMC4yMTQgMC41NjEgMC4yMTQgMC43NzUgMGw4LjE5MS04LjE5MmMwLjIxNC0wLjIxNCAwLjU2MS0wLjIxNCAwLjc3NSAwbDUgNWMwLjEwMyAwLjEwMyAwLjE2IDAuMjQyIDAuMTYgMC4zODh2OS45ODhjMCAwLjMwMy0wLjI0NSAwLjU0OC0wLjU0OCAwLjU0OGgtMjIuNDQ3Yy0wLjMwMyAwLTAuNTQ4LTAuMjQ1LTAuNTQ4LTAuNTQ4eiIgb3BhY2l0eT0iMSIgdmlzaWJpbGl0eT0iZmFsc2UiIGZpbGw9IiNkN2Q3ZDciPjwvcGF0aD4KCTxwYXRoIGQ9Ik0yMS41NDQgMTcuOTY3YzAgMS45ODItMS42MDYgMy41ODgtMy41ODggMy41ODhzLTMuNTg4LTEuNjA2LTMuNTg4LTMuNTg4YzAtMS45ODEgMS42MDYtMy41ODggMy41ODgtMy41ODhzMy41ODggMS42MDYgMy41ODggMy41ODh6IiBvcGFjaXR5PSIxIiB2aXNpYmlsaXR5PSJmYWxzZSIgZmlsbD0iI2Q3ZDdkNyI+PC9wYXRoPgo8L3N2Zz4K" alt="Nature's Promise Organic Spring Mix Salad Blend" skeleton-box-size="9rem" class="product-grid-image object-contain"></div></div> <div class="mobile-product-list-cell_info"><div class="product-tile_detail"><div class="skeleton-loader_wrapper cursor-pointer"><div class="product-grid-cell_price-container product-grid-cell_price-container--mobile"><span class="product-grid-cell_main-price"><!---->
    $5.99
  </span> <!----></div> <!----></div> <!----></div> <div class="mobile-product-list-cell_name-content"><div class="skeleton-loader_wrapper"><div class="product-grid-cell_name"><a id="product-name-155128-16760862937381237" href="#" data-opens-modal="true" aria-haspopup="dialog" class="product-grid-cell_name-text product-grid-cell_name-text--clamp-2"><span class="vector-icon_inline-text--left mr-0"><div class="vector-icon-size--xsmall"><svg xmlns="http://www.w3.org/2000/svg" aria-label="Ahold Icon" viewBox="0 0 1024 945" role="presentation" aria-hidden="true" focusable="false" class=""><title lang="en">Ahold Icon</title><desc></desc><g fill="" stroke=""><g><path d="M1.893 730.617c-1.289-2.094-2.052-4.631-2.052-7.346 0-.747.058-1.481.169-2.197.158-12.396 10.227-22.466 22.687-22.634h895.306c12.476.168 22.545 10.237 22.713 22.698-.521 3.721-1.182 6.924-2.024 10.053l.131-.574c-86.363 175.072-263.598 293.385-468.466 293.385S88.254 905.689 3.252 733.663l-1.361-3.046z" fill="#F7A800" class="path1"></path> <path d="M107.889 132.495c1.893-1.893 1.893-3.786 3.786-5.678 2.98-3.491 7.385-5.69 12.303-5.69s9.323 2.199 12.284 5.668l.019.022L613.264 603.8c3.491 2.98 5.69 7.385 5.69 12.303s-2.199 9.323-5.668 12.284c-1.399 1.869-3.361 3.216-5.631 3.789l-.069.015c-38.446 13.732-82.796 21.669-129.001 21.669-108.416 0-206.626-43.699-277.977-114.443C130.241 467.591 86.799 369.1 86.799 260.462c0-45.803 7.722-89.803 21.936-130.767l-.845 2.8z" fill="#E2231A" class="path2"></path> <path d="M600.015 1.893a6.922 6.922 0 0 1 5.713-1.889c.057-.006.164-.007.272-.007 7.15 0 12.947 5.796 12.947 12.947 0 .108-.001.215-.004.322v-.016 503.482c.002.091.004.199.004.306 0 7.15-5.796 12.947-12.947 12.947-.108 0-.215-.001-.322-.004a6.925 6.925 0 0 1-5.665-1.895l.002.002c-98.273-48.542-164.673-148.065-164.673-263.098S501.743 50.434 598.306 2.657l1.709-.765z" fill="#712177" class="path3"></path> <path d="M938.824 283.919c1.893 0 1.893 1.893 3.786 1.893 1.765 2.012 2.841 4.666 2.841 7.571s-1.077 5.559-2.853 7.584l.011-.013-268.776 266.884c-2.012 1.765-4.666 2.841-7.571 2.841s-5.559-1.077-7.584-2.853a3.774 3.774 0 0 1-1.877-3.793l-.002.019c-7.681-21.529-12.12-46.363-12.12-72.235 0-61.263 24.891-116.712 65.111-156.786 39.326-39.792 93.895-64.431 154.219-64.431 26.857 0 52.573 4.884 76.309 13.812l-1.494-.493z" fill="#82BC00" class="path4"></path></g></g></svg></div></span>
    Nature's Promise Organic Spring Mix Salad Blend
  </a></div> <!----> <!----></div> <div class="skeleton-loader_wrapper"><div class="product-grid-cell_sizes"><span class="product-grid-cell_size">
    11 OZ PKG
  </span> <span aria-hidden="true">
    |
  </span> <!----> <span class="product-grid-cell_unit">
    $0.54 / OZ
  </span></div> <!----></div> <!----> <!----> <!----> <!----> <!----> <!----> <!----></div> <div class="mobile-product-list-cell_bottom"><div class="mobile-product-list-cell_bottom_cart-ui-wrapper"><!----> <!----> <div class="pdl-add-to-cart"><div class="pdl-add-to-cart_button"><button aria-label="Add to cart" data-product-id="155128" data-price="5.99" class="button button--add-to-cart">
      Add to cart
      <!----></button> <!----> <!----> <!----></div> <!----></div></div> <!----></div></div></div> <div class="product-tile_action-items"><!----> <!----> <div class="shopping-list-menu_container"><div class="relative-el"><button aria-label="add to shopping list" class="button pdl-product-detail_top-icon button--fourth pdl-product-detail_top-icon--borderless"><!----> <div class="vector-icon-size--large"><svg xmlns="http://www.w3.org/2000/svg" aria-label="Shopping List Icon Add" viewBox="0 0 32 32" role="presentation" aria-hidden="true" focusable="false" class="vector-icon-color--dark-grey"><title lang="en">Shopping List Icon Add</title><desc></desc><g fill="" stroke=""><g><path d="M21.94066,15.3368884 L21.94066,12.8931995 C21.94066,12.3409148 22.3883752,11.8931995 22.94066,11.8931995 C23.4929447,11.8931995 23.94066,12.3409148 23.94066,12.8931995 L23.94066,15.3368884 L26.2522624,15.3368884 C26.8045471,15.3368884 27.2522624,15.7846037 27.2522624,16.3368884 C27.2522624,16.8891732 26.8045471,17.3368884 26.2522624,17.3368884 L23.94066,17.3368884 L23.94066,19.8787952 C23.94066,20.43108 23.4929447,20.8787952 22.94066,20.8787952 C22.3883752,20.8787952 21.94066,20.43108 21.94066,19.8787952 L21.94066,17.3368884 L19.2666667,17.3368884 C18.7143819,17.3368884 18.2666667,16.8891732 18.2666667,16.3368884 C18.2666667,15.7846037 18.7143819,15.3368884 19.2666667,15.3368884 L21.94066,15.3368884 Z M8,12 C7.44771525,12 7,11.5522847 7,11 C7,10.4477153 7.44771525,10 8,10 L19.1153581,10 C19.6676429,10 20.1153581,10.4477153 20.1153581,11 C20.1153581,11.5522847 19.6676429,12 19.1153581,12 L8,12 Z M8,17.3368884 C7.44771525,17.3368884 7,16.8891732 7,16.3368884 C7,15.7846037 7.44771525,15.3368884 8,15.3368884 L14.7200696,15.3368884 C15.2723543,15.3368884 15.7200696,15.7846037 15.7200696,16.3368884 C15.7200696,16.8891732 15.2723543,17.3368884 14.7200696,17.3368884 L8,17.3368884 Z M8,23 C7.44771525,23 7,22.5522847 7,22 C7,21.4477153 7.44771525,21 8,21 L19.1153581,21 C19.6676429,21 20.1153581,21.4477153 20.1153581,22 C20.1153581,22.5522847 19.6676429,23 19.1153581,23 L8,23 Z" fill="#000000" fill-rule="nonzero"></path></g></g></svg></div> <div class="pdl-product-detail_list-tooltip"><p>Add item to shopping list</p> <em></em></div></button></div></div></div> <!----></li> <!----><!----> <!----> <!----> <!----> <li tabindex="-1" data-product-id="25379" class="slot mobile-product-list-cell"><!----> <!----> <!----> <!----> <div class="mobile-product-list-cell_content"><div><!----> <div class="flag_outer-container"><!----> <!----> <!----> <!----></div></div> <div class="mobile-product-list-cell_left"><div><!----> <img src="data:image/svg+xml;base64,PD94bWwgdmVyc2lvbj0iMS4wIiBlbmNvZGluZz0idXRmLTgiPz4KPCEtLSBHZW5lcmF0ZWQgYnkgSWNvTW9vbi5pbyAtLT4KPCFET0NUWVBFIHN2ZyBQVUJMSUMgIi0vL1czQy8vRFREIFNWRyAxLjEvL0VOIiAiaHR0cDovL3d3dy53My5vcmcvR3JhcGhpY3MvU1ZHLzEuMS9EVEQvc3ZnMTEuZHRkIj4KPHN2ZyB2ZXJzaW9uPSIxLjEiIHhtbG5zPSJodHRwOi8vd3d3LnczLm9yZy8yMDAwL3N2ZyIgeG1sbnM6eGxpbms9Imh0dHA6Ly93d3cudzMub3JnLzE5OTkveGxpbmsiIHdpZHRoPSI0OCIgaGVpZ2h0PSI0OCIgdmlld0JveD0iMCAwIDQ4IDQ4Ij4KPGcgaWQ9Imljb21vb24taWdub3JlIj4KCTxsaW5lIHN0cm9rZS13aWR0aD0iMSIgeDE9IiIgeTE9IiIgeDI9IiIgeTI9IiIgc3Ryb2tlPSIjNDQ5RkRCIiBvcGFjaXR5PSIiPjwvbGluZT4KPC9nPgoJPHBhdGggZD0iTTM4LjQ4IDkuMDcwYzAuMjQ4IDAgMC40NSAwLjIwMiAwLjQ1IDAuNDV2MjguOTU5YzAgMC4yNDgtMC4yMDIgMC40NS0wLjQ1IDAuNDVoLTI4Ljk1OWMtMC4yNDggMC0wLjQ1LTAuMjAyLTAuNDUtMC40NXYtMjguOTU5YzAtMC4yNDggMC4yMDItMC40NSAwLjQ1LTAuNDVoMjguOTU5ek0zOC40OCA4aC0yOC45NTljLTAuODQgMC0xLjUyIDAuNjgxLTEuNTIgMS41MjF2MjguOTU5YzAgMC44NCAwLjY4MSAxLjUyMSAxLjUyIDEuNTIxaDI4Ljk1OWMwLjg0IDAgMS41Mi0wLjY4MSAxLjUyLTEuNTIxdi0yOC45NTljMC0wLjg0LTAuNjgxLTEuNTIxLTEuNTItMS41MjF2MHoiIG9wYWNpdHk9IjEiIHZpc2liaWxpdHk9ImZhbHNlIiBmaWxsPSIjZDdkN2Q3Ij48L3BhdGg+Cgk8cGF0aCBkPSJNMTIuMjI4IDM1LjIyNHYtMy4zMjljMC0wLjE0NSAwLjA1OC0wLjI4NSAwLjE2LTAuMzg4bDUuNTg3LTUuNTg3YzAuMjE0LTAuMjE0IDAuNTYxLTAuMjE0IDAuNzc1IDBsMi4xMTkgMi4xMTljMC4yMTQgMC4yMTQgMC41NjEgMC4yMTQgMC43NzUgMGw4LjE5MS04LjE5MmMwLjIxNC0wLjIxNCAwLjU2MS0wLjIxNCAwLjc3NSAwbDUgNWMwLjEwMyAwLjEwMyAwLjE2IDAuMjQyIDAuMTYgMC4zODh2OS45ODhjMCAwLjMwMy0wLjI0NSAwLjU0OC0wLjU0OCAwLjU0OGgtMjIuNDQ3Yy0wLjMwMyAwLTAuNTQ4LTAuMjQ1LTAuNTQ4LTAuNTQ4eiIgb3BhY2l0eT0iMSIgdmlzaWJpbGl0eT0iZmFsc2UiIGZpbGw9IiNkN2Q3ZDciPjwvcGF0aD4KCTxwYXRoIGQ9Ik0yMS41NDQgMTcuOTY3YzAgMS45ODItMS42MDYgMy41ODgtMy41ODggMy41ODhzLTMuNTg4LTEuNjA2LTMuNTg4LTMuNTg4YzAtMS45ODEgMS42MDYtMy41ODggMy41ODgtMy41ODhzMy41ODggMS42MDYgMy41ODggMy41ODh6IiBvcGFjaXR5PSIxIiB2aXNpYmlsaXR5PSJmYWxzZSIgZmlsbD0iI2Q3ZDdkNyI+PC9wYXRoPgo8L3N2Zz4K" alt="Mission Flour Tortillas Burrito Size Large - 8 ct" skeleton-box-size="9rem" class="product-grid-image object-contain"></div></div> <div class="mobile-product-list-cell_info"><div class="product-tile_detail"><div class="skeleton-loader_wrapper cursor-pointer"><div class="product-grid-cell_price-container product-grid-cell_price-container--mobile"><span class="product-grid-cell_main-price"><!---->
    $4.19
  </span> <!----></div> <!----></div> <!----></div> <div class="mobile-product-list-cell_name-content"><div class="skeleton-loader_wrapper"><div class="product-grid-cell_name"><a id="product-name-25379-16760862937403444" href="#" data-opens-modal="true" aria-haspopup="dialog" class="product-grid-cell_name-text product-grid-cell_name-text--clamp-2"><!---->
    Mission Flour Tortillas Burrito Size Large - 8 ct
  </a></div> <!----> <!----></div> <div class="skeleton-loader_wrapper"><div class="product-grid-cell_sizes"><span class="product-grid-cell_size">
    20 OZ PKG
  </span> <span aria-hidden="true">
    |
  </span> <!----> <span class="product-grid-cell_unit">
    $0.21 / OZ
  </span></div> <!----></div> <!----> <!----> <!----> <!----> <!----> <!----> <!----></div> <div class="mobile-product-list-cell_bottom"><div class="mobile-product-list-cell_bottom_cart-ui-wrapper"><!----> <!----> <div class="pdl-add-to-cart"><div class="pdl-add-to-cart_button"><button aria-label="Add to cart" data-product-id="25379" data-price="4.19" class="button button--add-to-cart">
      Add to cart
      <!----></button> <!----> <!----> <!----></div> <!----></div></div> <!----></div></div></div> <div class="product-tile_action-items"><!----> <!----> <div class="shopping-list-menu_container"><div class="relative-el"><button aria-label="add to shopping list" class="button pdl-product-detail_top-icon button--fourth pdl-product-detail_top-icon--borderless"><!----> <div class="vector-icon-size--large"><svg xmlns="http://www.w3.org/2000/svg" aria-label="Shopping List Icon Add" viewBox="0 0 32 32" role="presentation" aria-hidden="true" focusable="false" class="vector-icon-color--dark-grey"><title lang="en">Shopping List Icon Add</title><desc></desc><g fill="" stroke=""><g><path d="M21.94066,15.3368884 L21.94066,12.8931995 C21.94066,12.3409148 22.3883752,11.8931995 22.94066,11.8931995 C23.4929447,11.8931995 23.94066,12.3409148 23.94066,12.8931995 L23.94066,15.3368884 L26.2522624,15.3368884 C26.8045471,15.3368884 27.2522624,15.7846037 27.2522624,16.3368884 C27.2522624,16.8891732 26.8045471,17.3368884 26.2522624,17.3368884 L23.94066,17.3368884 L23.94066,19.8787952 C23.94066,20.43108 23.4929447,20.8787952 22.94066,20.8787952 C22.3883752,20.8787952 21.94066,20.43108 21.94066,19.8787952 L21.94066,17.3368884 L19.2666667,17.3368884 C18.7143819,17.3368884 18.2666667,16.8891732 18.2666667,16.3368884 C18.2666667,15.7846037 18.7143819,15.3368884 19.2666667,15.3368884 L21.94066,15.3368884 Z M8,12 C7.44771525,12 7,11.5522847 7,11 C7,10.4477153 7.44771525,10 8,10 L19.1153581,10 C19.6676429,10 20.1153581,10.4477153 20.1153581,11 C20.1153581,11.5522847 19.6676429,12 19.1153581,12 L8,12 Z M8,17.3368884 C7.44771525,17.3368884 7,16.8891732 7,16.3368884 C7,15.7846037 7.44771525,15.3368884 8,15.3368884 L14.7200696,15.3368884 C15.2723543,15.3368884 15.7200696,15.7846037 15.7200696,16.3368884 C15.7200696,16.8891732 15.2723543,17.3368884 14.7200696,17.3368884 L8,17.3368884 Z M8,23 C7.44771525,23 7,22.5522847 7,22 C7,21.4477153 7.44771525,21 8,21 L19.1153581,21 C19.6676429,21 20.1153581,21.4477153 20.1153581,22 C20.1153581,22.5522847 19.6676429,23 19.1153581,23 L8,23 Z" fill="#000000" fill-rule="nonzero"></path></g></g></svg></div> <div class="pdl-product-detail_list-tooltip"><p>Add item to shopping list</p> <em></em></div></button></div></div></div> <!----></li> <!----><!----> <!----> <!----> <!----> <li tabindex="-1" data-product-id="118588" class="slot mobile-product-list-cell"><!----> <!----> <!----> <!----> <div class="mobile-product-list-cell_content"><div><!----> <div class="flag_outer-container"><!----> <!----> <!----> <!----></div></div> <div class="mobile-product-list-cell_left"><div><!----> <img src="data:image/svg+xml;base64,PD94bWwgdmVyc2lvbj0iMS4wIiBlbmNvZGluZz0idXRmLTgiPz4KPCEtLSBHZW5lcmF0ZWQgYnkgSWNvTW9vbi5pbyAtLT4KPCFET0NUWVBFIHN2ZyBQVUJMSUMgIi0vL1czQy8vRFREIFNWRyAxLjEvL0VOIiAiaHR0cDovL3d3dy53My5vcmcvR3JhcGhpY3MvU1ZHLzEuMS9EVEQvc3ZnMTEuZHRkIj4KPHN2ZyB2ZXJzaW9uPSIxLjEiIHhtbG5zPSJodHRwOi8vd3d3LnczLm9yZy8yMDAwL3N2ZyIgeG1sbnM6eGxpbms9Imh0dHA6Ly93d3cudzMub3JnLzE5OTkveGxpbmsiIHdpZHRoPSI0OCIgaGVpZ2h0PSI0OCIgdmlld0JveD0iMCAwIDQ4IDQ4Ij4KPGcgaWQ9Imljb21vb24taWdub3JlIj4KCTxsaW5lIHN0cm9rZS13aWR0aD0iMSIgeDE9IiIgeTE9IiIgeDI9IiIgeTI9IiIgc3Ryb2tlPSIjNDQ5RkRCIiBvcGFjaXR5PSIiPjwvbGluZT4KPC9nPgoJPHBhdGggZD0iTTM4LjQ4IDkuMDcwYzAuMjQ4IDAgMC40NSAwLjIwMiAwLjQ1IDAuNDV2MjguOTU5YzAgMC4yNDgtMC4yMDIgMC40NS0wLjQ1IDAuNDVoLTI4Ljk1OWMtMC4yNDggMC0wLjQ1LTAuMjAyLTAuNDUtMC40NXYtMjguOTU5YzAtMC4yNDggMC4yMDItMC40NSAwLjQ1LTAuNDVoMjguOTU5ek0zOC40OCA4aC0yOC45NTljLTAuODQgMC0xLjUyIDAuNjgxLTEuNTIgMS41MjF2MjguOTU5YzAgMC44NCAwLjY4MSAxLjUyMSAxLjUyIDEuNTIxaDI4Ljk1OWMwLjg0IDAgMS41Mi0wLjY4MSAxLjUyLTEuNTIxdi0yOC45NTljMC0wLjg0LTAuNjgxLTEuNTIxLTEuNTItMS41MjF2MHoiIG9wYWNpdHk9IjEiIHZpc2liaWxpdHk9ImZhbHNlIiBmaWxsPSIjZDdkN2Q3Ij48L3BhdGg+Cgk8cGF0aCBkPSJNMTIuMjI4IDM1LjIyNHYtMy4zMjljMC0wLjE0NSAwLjA1OC0wLjI4NSAwLjE2LTAuMzg4bDUuNTg3LTUuNTg3YzAuMjE0LTAuMjE0IDAuNTYxLTAuMjE0IDAuNzc1IDBsMi4xMTkgMi4xMTljMC4yMTQgMC4yMTQgMC41NjEgMC4yMTQgMC43NzUgMGw4LjE5MS04LjE5MmMwLjIxNC0wLjIxNCAwLjU2MS0wLjIxNCAwLjc3NSAwbDUgNWMwLjEwMyAwLjEwMyAwLjE2IDAuMjQyIDAuMTYgMC4zODh2OS45ODhjMCAwLjMwMy0wLjI0NSAwLjU0OC0wLjU0OCAwLjU0OGgtMjIuNDQ3Yy0wLjMwMyAwLTAuNTQ4LTAuMjQ1LTAuNTQ4LTAuNTQ4eiIgb3BhY2l0eT0iMSIgdmlzaWJpbGl0eT0iZmFsc2UiIGZpbGw9IiNkN2Q3ZDciPjwvcGF0aD4KCTxwYXRoIGQ9Ik0yMS41NDQgMTcuOTY3YzAgMS45ODItMS42MDYgMy41ODgtMy41ODggMy41ODhzLTMuNTg4LTEuNjA2LTMuNTg4LTMuNTg4YzAtMS45ODEgMS42MDYtMy41ODggMy41ODgtMy41ODhzMy41ODggMS42MDYgMy41ODggMy41ODh6IiBvcGFjaXR5PSIxIiB2aXNpYmlsaXR5PSJmYWxzZSIgZmlsbD0iI2Q3ZDdkNyI+PC9wYXRoPgo8L3N2Zz4K" alt="Broccoli - apx 1-3 Stalks" skeleton-box-size="9rem" class="product-grid-image object-contain"></div></div> <div class="mobile-product-list-cell_info"><div class="product-tile_detail"><div class="skeleton-loader_wrapper cursor-pointer"><div class="product-grid-cell_price-container product-grid-cell_price-container--mobile"><span class="product-grid-cell_main-price"><!---->
    $4.38
  </span> <!----></div> <!----></div> <!----></div> <div class="mobile-product-list-cell_name-content"><div class="skeleton-loader_wrapper"><div class="product-grid-cell_name"><a id="product-name-118588-16760862937426969" href="#" data-opens-modal="true" aria-haspopup="dialog" class="product-grid-cell_name-text product-grid-cell_name-text--clamp-2"><!---->
    Broccoli - apx 1-3 Stalks
  </a></div> <!----> <!----></div> <div class="skeleton-loader_wrapper"><div class="product-grid-cell_sizes"><span class="product-grid-cell_size">
    1 BUNCH
  </span> <span aria-hidden="true">
    |
  </span> <!----> <span class="product-grid-cell_unit">
    $4.38 / EA
  </span></div> <!----></div> <!----> <!----> <!----> <!----> <!----> <!----> <!----></div> <div class="mobile-product-list-cell_bottom"><div class="mobile-product-list-cell_bottom_cart-ui-wrapper"><!----> <!----> <div class="pdl-add-to-cart"><div class="pdl-add-to-cart_button"><button aria-label="Add to cart" data-product-id="118588" data-price="4.38" class="button button--add-to-cart">
      Add to cart
      <!----></button> <!----> <!----> <!----></div> <!----></div></div> <!----></div></div></div> <div class="product-tile_action-items"><!----> <!----> <div class="shopping-list-menu_container"><div class="relative-el"><button aria-label="add to shopping list" class="button pdl-product-detail_top-icon button--fourth pdl-product-detail_top-icon--borderless"><!----> <div class="vector-icon-size--large"><svg xmlns="http://www.w3.org/2000/svg" aria-label="Shopping List Icon Add" viewBox="0 0 32 32" role="presentation" aria-hidden="true" focusable="false" class="vector-icon-color--dark-grey"><title lang="en">Shopping List Icon Add</title><desc></desc><g fill="" stroke=""><g><path d="M21.94066,15.3368884 L21.94066,12.8931995 C21.94066,12.3409148 22.3883752,11.8931995 22.94066,11.8931995 C23.4929447,11.8931995 23.94066,12.3409148 23.94066,12.8931995 L23.94066,15.3368884 L26.2522624,15.3368884 C26.8045471,15.3368884 27.2522624,15.7846037 27.2522624,16.3368884 C27.2522624,16.8891732 26.8045471,17.3368884 26.2522624,17.3368884 L23.94066,17.3368884 L23.94066,19.8787952 C23.94066,20.43108 23.4929447,20.8787952 22.94066,20.8787952 C22.3883752,20.8787952 21.94066,20.43108 21.94066,19.8787952 L21.94066,17.3368884 L19.2666667,17.3368884 C18.7143819,17.3368884 18.2666667,16.8891732 18.2666667,16.3368884 C18.2666667,15.7846037 18.7143819,15.3368884 19.2666667,15.3368884 L21.94066,15.3368884 Z M8,12 C7.44771525,12 7,11.5522847 7,11 C7,10.4477153 7.44771525,10 8,10 L19.1153581,10 C19.6676429,10 20.1153581,10.4477153 20.1153581,11 C20.1153581,11.5522847 19.6676429,12 19.1153581,12 L8,12 Z M8,17.3368884 C7.44771525,17.3368884 7,16.8891732 7,16.3368884 C7,15.7846037 7.44771525,15.3368884 8,15.3368884 L14.7200696,15.3368884 C15.2723543,15.3368884 15.7200696,15.7846037 15.7200696,16.3368884 C15.7200696,16.8891732 15.2723543,17.3368884 14.7200696,17.3368884 L8,17.3368884 Z M8,23 C7.44771525,23 7,22.5522847 7,22 C7,21.4477153 7.44771525,21 8,21 L19.1153581,21 C19.6676429,21 20.1153581,21.4477153 20.1153581,22 C20.1153581,22.5522847 19.6676429,23 19.1153581,23 L8,23 Z" fill="#000000" fill-rule="nonzero"></path></g></g></svg></div> <div class="pdl-product-detail_list-tooltip"><p>Add item to shopping list</p> <em></em></div></button></div></div></div> <!----></li> <!----><!----> <!----> <!----> <!----> <li tabindex="-1" data-product-id="212393" class="slot mobile-product-list-cell"><!----> <!----> <!----> <!----> <div class="mobile-product-list-cell_content"><div><!----> <div class="flag_outer-container"><div class=""><svg xmlns="http://www.w3.org/2000/svg" aria-label="Sale" viewBox="0 0 32 32" role="presentation" aria-hidden="true" focusable="false" class="w-20 ml-3"><title lang="en">Sale</title><desc></desc><g fill="" stroke=""><g><path d="M16.56 19.87a3.81 3.81 0 0 1-1-.13l-13.39-3.5a1.5 1.5 0 0 1-1.12-1.34l-.81-11a1.52 1.52 0 0 1 1.39-1.61l27.69-2h.11a1.51 1.51 0 0 1 1.5 1.4l.82 11a1.52 1.52 0 0 1-.91 1.5l-12.72 5.36a3.79 3.79 0 0 1-1.56.32Z" fill="#ed1256"></path><path fill="#fff" d="M29.43.48a1.26 1.26 0 0 1 1.26 1.17l.82 11a1.27 1.27 0 0 1-.76 1.26L18 19.34a3.72 3.72 0 0 1-1.47.3 3.79 3.79 0 0 1-.94-.12L2.24 16a1.27 1.27 0 0 1-1-1.13l-.81-11a1.26 1.26 0 0 1 1.22-1.33L29.34.48h.09m0-.48h-.13L1.62 2A1.76 1.76 0 0 0 0 3.92l.82 11a1.73 1.73 0 0 0 1.3 1.55L15.5 20a4.3 4.3 0 0 0 1.07.14 4.24 4.24 0 0 0 1.65-.34l12.72-5.44A1.76 1.76 0 0 0 32 12.59l-.82-11A1.76 1.76 0 0 0 29.43 0Z"></path><path fill="#fff" d="M3.74 9.87a3 3 0 0 0 .82.55 2.21 2.21 0 0 0 1.08.19 1.6 1.6 0 0 0 .29 0 1 1 0 0 0 .26-.12.58.58 0 0 0 .18-.2.62.62 0 0 0 0-.31.59.59 0 0 0-.32-.49 3.38 3.38 0 0 0-.85-.34L4.84 9a4.19 4.19 0 0 1-.69-.26 2.44 2.44 0 0 1-.63-.41 1.92 1.92 0 0 1-.7-1.42 2.68 2.68 0 0 1 .1-1A2.2 2.2 0 0 1 3.39 5a2.42 2.42 0 0 1 .82-.6 3.15 3.15 0 0 1 1.17-.28 3.68 3.68 0 0 1 1.72.24 3 3 0 0 1 .57.29A2.66 2.66 0 0 1 8 5l-.82 1.37a4.42 4.42 0 0 0-.82-.45 2 2 0 0 0-.85-.13 1.4 1.4 0 0 0-.28.06A.9.9 0 0 0 5 6a.62.62 0 0 0-.16.2.5.5 0 0 0 0 .28.6.6 0 0 0 .1.31.68.68 0 0 0 .24.2 1.27 1.27 0 0 0 .35.15l.43.13.35.09a7.49 7.49 0 0 1 .69.22 2.2 2.2 0 0 1 .72.42 2.46 2.46 0 0 1 .54.68 2.31 2.31 0 0 1 .27 1 2.15 2.15 0 0 1-.15 1 2.53 2.53 0 0 1-.56.84 2.77 2.77 0 0 1-.88.59 4 4 0 0 1-1.11.27A4.67 4.67 0 0 1 4 12.25a3.79 3.79 0 0 1-1.28-.75ZM11.29 3.89l2.17-.16 3.1 7.7-2 .15L14 10l-2.39.18-.35 1.67-2 .14Zm2.15 4.6-1-2.84-.61 2.95ZM17 3.47l1.89-.14.44 6 3.3-.25.16 1.92-5.19.39ZM23.36 3l5.13-.38.13 1.8-3.24.24.09 1.22 2.66-.2.12 1.7-2.65.2.09 1.35 3.46-.26.13 1.81-5.34.4Z"></path></g></g></svg></div> <!----> <!----> <!----></div></div> <div class="mobile-product-list-cell_left"><div><!----> <img src="data:image/svg+xml;base64,PD94bWwgdmVyc2lvbj0iMS4wIiBlbmNvZGluZz0idXRmLTgiPz4KPCEtLSBHZW5lcmF0ZWQgYnkgSWNvTW9vbi5pbyAtLT4KPCFET0NUWVBFIHN2ZyBQVUJMSUMgIi0vL1czQy8vRFREIFNWRyAxLjEvL0VOIiAiaHR0cDovL3d3dy53My5vcmcvR3JhcGhpY3MvU1ZHLzEuMS9EVEQvc3ZnMTEuZHRkIj4KPHN2ZyB2ZXJzaW9uPSIxLjEiIHhtbG5zPSJodHRwOi8vd3d3LnczLm9yZy8yMDAwL3N2ZyIgeG1sbnM6eGxpbms9Imh0dHA6Ly93d3cudzMub3JnLzE5OTkveGxpbmsiIHdpZHRoPSI0OCIgaGVpZ2h0PSI0OCIgdmlld0JveD0iMCAwIDQ4IDQ4Ij4KPGcgaWQ9Imljb21vb24taWdub3JlIj4KCTxsaW5lIHN0cm9rZS13aWR0aD0iMSIgeDE9IiIgeTE9IiIgeDI9IiIgeTI9IiIgc3Ryb2tlPSIjNDQ5RkRCIiBvcGFjaXR5PSIiPjwvbGluZT4KPC9nPgoJPHBhdGggZD0iTTM4LjQ4IDkuMDcwYzAuMjQ4IDAgMC40NSAwLjIwMiAwLjQ1IDAuNDV2MjguOTU5YzAgMC4yNDgtMC4yMDIgMC40NS0wLjQ1IDAuNDVoLTI4Ljk1OWMtMC4yNDggMC0wLjQ1LTAuMjAyLTAuNDUtMC40NXYtMjguOTU5YzAtMC4yNDggMC4yMDItMC40NSAwLjQ1LTAuNDVoMjguOTU5ek0zOC40OCA4aC0yOC45NTljLTAuODQgMC0xLjUyIDAuNjgxLTEuNTIgMS41MjF2MjguOTU5YzAgMC44NCAwLjY4MSAxLjUyMSAxLjUyIDEuNTIxaDI4Ljk1OWMwLjg0IDAgMS41Mi0wLjY4MSAxLjUyLTEuNTIxdi0yOC45NTljMC0wLjg0LTAuNjgxLTEuNTIxLTEuNTItMS41MjF2MHoiIG9wYWNpdHk9IjEiIHZpc2liaWxpdHk9ImZhbHNlIiBmaWxsPSIjZDdkN2Q3Ij48L3BhdGg+Cgk8cGF0aCBkPSJNMTIuMjI4IDM1LjIyNHYtMy4zMjljMC0wLjE0NSAwLjA1OC0wLjI4NSAwLjE2LTAuMzg4bDUuNTg3LTUuNTg3YzAuMjE0LTAuMjE0IDAuNTYxLTAuMjE0IDAuNzc1IDBsMi4xMTkgMi4xMTljMC4yMTQgMC4yMTQgMC41NjEgMC4yMTQgMC43NzUgMGw4LjE5MS04LjE5MmMwLjIxNC0wLjIxNCAwLjU2MS0wLjIxNCAwLjc3NSAwbDUgNWMwLjEwMyAwLjEwMyAwLjE2IDAuMjQyIDAuMTYgMC4zODh2OS45ODhjMCAwLjMwMy0wLjI0NSAwLjU0OC0wLjU0OCAwLjU0OGgtMjIuNDQ3Yy0wLjMwMyAwLTAuNTQ4LTAuMjQ1LTAuNTQ4LTAuNTQ4eiIgb3BhY2l0eT0iMSIgdmlzaWJpbGl0eT0iZmFsc2UiIGZpbGw9IiNkN2Q3ZDciPjwvcGF0aD4KCTxwYXRoIGQ9Ik0yMS41NDQgMTcuOTY3YzAgMS45ODItMS42MDYgMy41ODgtMy41ODggMy41ODhzLTMuNTg4LTEuNjA2LTMuNTg4LTMuNTg4YzAtMS45ODEgMS42MDYtMy41ODggMy41ODgtMy41ODhzMy41ODggMS42MDYgMy41ODggMy41ODh6IiBvcGFjaXR5PSIxIiB2aXNpYmlsaXR5PSJmYWxzZSIgZmlsbD0iI2Q3ZDdkNyI+PC9wYXRoPgo8L3N2Zz4K" alt="Nature's Promise Organic Salad Baby Spinach" skeleton-box-size="9rem" class="product-grid-image object-contain"></div></div> <div class="mobile-product-list-cell_info"><div class="product-tile_detail"><div class="skeleton-loader_wrapper cursor-pointer"><div class="product-grid-cell_price-container product-grid-cell_price-container_column product-grid-cell_price-container--mobile"><span class="product-grid-cell_main-price product-grid-cell_main-price--on-sale"><span class="sr-only">
      Sale Price
    </span>
    $2.99
  </span> <div class="product-grid-cell_was-container"><span class="product-grid-cell_regular-price product-grid-cell_regular-price--small"><span class="sr-only">
        Original Price
      </span>
      $3.99
    </span></div></div> <!----></div> <!----></div> <div class="mobile-product-list-cell_name-content"><div class="skeleton-loader_wrapper"><div class="product-grid-cell_name"><a id="product-name-212393-16760862937468461" href="#" data-opens-modal="true" aria-haspopup="dialog" class="product-grid-cell_name-text product-grid-cell_name-text--clamp-2"><span class="vector-icon_inline-text--left mr-0"><div class="vector-icon-size--xsmall"><svg xmlns="http://www.w3.org/2000/svg" aria-label="Ahold Icon" viewBox="0 0 1024 945" role="presentation" aria-hidden="true" focusable="false" class=""><title lang="en">Ahold Icon</title><desc></desc><g fill="" stroke=""><g><path d="M1.893 730.617c-1.289-2.094-2.052-4.631-2.052-7.346 0-.747.058-1.481.169-2.197.158-12.396 10.227-22.466 22.687-22.634h895.306c12.476.168 22.545 10.237 22.713 22.698-.521 3.721-1.182 6.924-2.024 10.053l.131-.574c-86.363 175.072-263.598 293.385-468.466 293.385S88.254 905.689 3.252 733.663l-1.361-3.046z" fill="#F7A800" class="path1"></path> <path d="M107.889 132.495c1.893-1.893 1.893-3.786 3.786-5.678 2.98-3.491 7.385-5.69 12.303-5.69s9.323 2.199 12.284 5.668l.019.022L613.264 603.8c3.491 2.98 5.69 7.385 5.69 12.303s-2.199 9.323-5.668 12.284c-1.399 1.869-3.361 3.216-5.631 3.789l-.069.015c-38.446 13.732-82.796 21.669-129.001 21.669-108.416 0-206.626-43.699-277.977-114.443C130.241 467.591 86.799 369.1 86.799 260.462c0-45.803 7.722-89.803 21.936-130.767l-.845 2.8z" fill="#E2231A" class="path2"></path> <path d="M600.015 1.893a6.922 6.922 0 0 1 5.713-1.889c.057-.006.164-.007.272-.007 7.15 0 12.947 5.796 12.947 12.947 0 .108-.001.215-.004.322v-.016 503.482c.002.091.004.199.004.306 0 7.15-5.796 12.947-12.947 12.947-.108 0-.215-.001-.322-.004a6.925 6.925 0 0 1-5.665-1.895l.002.002c-98.273-48.542-164.673-148.065-164.673-263.098S501.743 50.434 598.306 2.657l1.709-.765z" fill="#712177" class="path3"></path> <path d="M938.824 283.919c1.893 0 1.893 1.893 3.786 1.893 1.765 2.012 2.841 4.666 2.841 7.571s-1.077 5.559-2.853 7.584l.011-.013-268.776 266.884c-2.012 1.765-4.666 2.841-7.571 2.841s-5.559-1.077-7.584-2.853a3.774 3.774 0 0 1-1.877-3.793l-.002.019c-7.681-21.529-12.12-46.363-12.12-72.235 0-61.263 24.891-116.712 65.111-156.786 39.326-39.792 93.895-64.431 154.219-64.431 26.857 0 52.573 4.884 76.309 13.812l-1.494-.493z" fill="#82BC00" class="path4"></path></g></g></svg></div></span>
    Nature's Promise Organic Salad Baby Spinach
  </a></div> <!----> <!----></div> <div class="skeleton-loader_wrapper"><div class="product-grid-cell_sizes"><span class="product-grid-cell_size">
    5 OZ PKG
  </span> <span aria-hidden="true">
    |
  </span> <!----> <span class="product-grid-cell_unit">
    $0.60 / OZ
  </span></div> <!----></div> <!----> <!----> <!----> <!----> <!----> <!----> <!----></div> <div class="mobile-product-list-cell_bottom"><div class="mobile-product-list-cell_bottom_cart-ui-wrapper"><!----> <!----> <div class="pdl-add-to-cart"><div class="pdl-add-to-cart_button"><button aria-label="Add to cart" data-product-id="212393" data-price="2.99" class="button button--add-to-cart add-sale">
      Add to cart
      <!----></button> <!----> <!----> <!----></div> <!----></div></div> <!----></div></div></div> <div class="product-tile_action-items"><!----> <!----> <div class="shopping-list-menu_container"><div class="relative-el"><button aria-label="add to shopping list" class="button pdl-product-detail_top-icon button--fourth pdl-product-detail_top-icon--borderless"><!----> <div class="vector-icon-size--large"><svg xmlns="http://www.w3.org/2000/svg" aria-label="Shopping List Icon Add" viewBox="0 0 32 32" role="presentation" aria-hidden="true" focusable="false" class="vector-icon-color--dark-grey"><title lang="en">Shopping List Icon Add</title><desc></desc><g fill="" stroke=""><g><path d="M21.94066,15.3368884 L21.94066,12.8931995 C21.94066,12.3409148 22.3883752,11.8931995 22.94066,11.8931995 C23.4929447,11.8931995 23.94066,12.3409148 23.94066,12.8931995 L23.94066,15.3368884 L26.2522624,15.3368884 C26.8045471,15.3368884 27.2522624,15.7846037 27.2522624,16.3368884 C27.2522624,16.8891732 26.8045471,17.3368884 26.2522624,17.3368884 L23.94066,17.3368884 L23.94066,19.8787952 C23.94066,20.43108 23.4929447,20.8787952 22.94066,20.8787952 C22.3883752,20.8787952 21.94066,20.43108 21.94066,19.8787952 L21.94066,17.3368884 L19.2666667,17.3368884 C18.7143819,17.3368884 18.2666667,16.8891732 18.2666667,16.3368884 C18.2666667,15.7846037 18.7143819,15.3368884 19.2666667,15.3368884 L21.94066,15.3368884 Z M8,12 C7.44771525,12 7,11.5522847 7,11 C7,10.4477153 7.44771525,10 8,10 L19.1153581,10 C19.6676429,10 20.1153581,10.4477153 20.1153581,11 C20.1153581,11.5522847 19.6676429,12 19.1153581,12 L8,12 Z M8,17.3368884 C7.44771525,17.3368884 7,16.8891732 7,16.3368884 C7,15.7846037 7.44771525,15.3368884 8,15.3368884 L14.7200696,15.3368884 C15.2723543,15.3368884 15.7200696,15.7846037 15.7200696,16.3368884 C15.7200696,16.8891732 15.2723543,17.3368884 14.7200696,17.3368884 L8,17.3368884 Z M8,23 C7.44771525,23 7,22.5522847 7,22 C7,21.4477153 7.44771525,21 8,21 L19.1153581,21 C19.6676429,21 20.1153581,21.4477153 20.1153581,22 C20.1153581,22.5522847 19.6676429,23 19.1153581,23 L8,23 Z" fill="#000000" fill-rule="nonzero"></path></g></g></svg></div> <div class="pdl-product-detail_list-tooltip"><p>Add item to shopping list</p> <em></em></div></button></div></div></div> <!----></li> <!----><!----> <!----> <!----> <!----> <li tabindex="-1" data-product-id="136055" class="slot mobile-product-list-cell"><!----> <!----> <!----> <!----> <div class="mobile-product-list-cell_content"><div><!----> <div class="flag_outer-container"><!----> <!----> <!----> <!----></div></div> <div class="mobile-product-list-cell_left"><div><!----> <img src="data:image/svg+xml;base64,PD94bWwgdmVyc2lvbj0iMS4wIiBlbmNvZGluZz0idXRmLTgiPz4KPCEtLSBHZW5lcmF0ZWQgYnkgSWNvTW9vbi5pbyAtLT4KPCFET0NUWVBFIHN2ZyBQVUJMSUMgIi0vL1czQy8vRFREIFNWRyAxLjEvL0VOIiAiaHR0cDovL3d3dy53My5vcmcvR3JhcGhpY3MvU1ZHLzEuMS9EVEQvc3ZnMTEuZHRkIj4KPHN2ZyB2ZXJzaW9uPSIxLjEiIHhtbG5zPSJodHRwOi8vd3d3LnczLm9yZy8yMDAwL3N2ZyIgeG1sbnM6eGxpbms9Imh0dHA6Ly93d3cudzMub3JnLzE5OTkveGxpbmsiIHdpZHRoPSI0OCIgaGVpZ2h0PSI0OCIgdmlld0JveD0iMCAwIDQ4IDQ4Ij4KPGcgaWQ9Imljb21vb24taWdub3JlIj4KCTxsaW5lIHN0cm9rZS13aWR0aD0iMSIgeDE9IiIgeTE9IiIgeDI9IiIgeTI9IiIgc3Ryb2tlPSIjNDQ5RkRCIiBvcGFjaXR5PSIiPjwvbGluZT4KPC9nPgoJPHBhdGggZD0iTTM4LjQ4IDkuMDcwYzAuMjQ4IDAgMC40NSAwLjIwMiAwLjQ1IDAuNDV2MjguOTU5YzAgMC4yNDgtMC4yMDIgMC40NS0wLjQ1IDAuNDVoLTI4Ljk1OWMtMC4yNDggMC0wLjQ1LTAuMjAyLTAuNDUtMC40NXYtMjguOTU5YzAtMC4yNDggMC4yMDItMC40NSAwLjQ1LTAuNDVoMjguOTU5ek0zOC40OCA4aC0yOC45NTljLTAuODQgMC0xLjUyIDAuNjgxLTEuNTIgMS41MjF2MjguOTU5YzAgMC44NCAwLjY4MSAxLjUyMSAxLjUyIDEuNTIxaDI4Ljk1OWMwLjg0IDAgMS41Mi0wLjY4MSAxLjUyLTEuNTIxdi0yOC45NTljMC0wLjg0LTAuNjgxLTEuNTIxLTEuNTItMS41MjF2MHoiIG9wYWNpdHk9IjEiIHZpc2liaWxpdHk9ImZhbHNlIiBmaWxsPSIjZDdkN2Q3Ij48L3BhdGg+Cgk8cGF0aCBkPSJNMTIuMjI4IDM1LjIyNHYtMy4zMjljMC0wLjE0NSAwLjA1OC0wLjI4NSAwLjE2LTAuMzg4bDUuNTg3LTUuNTg3YzAuMjE0LTAuMjE0IDAuNTYxLTAuMjE0IDAuNzc1IDBsMi4xMTkgMi4xMTljMC4yMTQgMC4yMTQgMC41NjEgMC4yMTQgMC43NzUgMGw4LjE5MS04LjE5MmMwLjIxNC0wLjIxNCAwLjU2MS0wLjIxNCAwLjc3NSAwbDUgNWMwLjEwMyAwLjEwMyAwLjE2IDAuMjQyIDAuMTYgMC4zODh2OS45ODhjMCAwLjMwMy0wLjI0NSAwLjU0OC0wLjU0OCAwLjU0OGgtMjIuNDQ3Yy0wLjMwMyAwLTAuNTQ4LTAuMjQ1LTAuNTQ4LTAuNTQ4eiIgb3BhY2l0eT0iMSIgdmlzaWJpbGl0eT0iZmFsc2UiIGZpbGw9IiNkN2Q3ZDciPjwvcGF0aD4KCTxwYXRoIGQ9Ik0yMS41NDQgMTcuOTY3YzAgMS45ODItMS42MDYgMy41ODgtMy41ODggMy41ODhzLTMuNTg4LTEuNjA2LTMuNTg4LTMuNTg4YzAtMS45ODEgMS42MDYtMy41ODggMy41ODgtMy41ODhzMy41ODggMS42MDYgMy41ODggMy41ODh6IiBvcGFjaXR5PSIxIiB2aXNpYmlsaXR5PSJmYWxzZSIgZmlsbD0iI2Q3ZDdkNyI+PC9wYXRoPgo8L3N2Zz4K" alt="Nature's Promise Organic 2% Reduced Fat Milk" skeleton-box-size="9rem" class="product-grid-image object-contain"></div></div> <div class="mobile-product-list-cell_info"><div class="product-tile_detail"><div class="skeleton-loader_wrapper cursor-pointer"><div class="product-grid-cell_price-container product-grid-cell_price-container--mobile"><span class="product-grid-cell_main-price"><!---->
    $4.69
  </span> <!----></div> <!----></div> <!----></div> <div class="mobile-product-list-cell_name-content"><div class="skeleton-loader_wrapper"><div class="product-grid-cell_name"><a id="product-name-136055-16760862937501712" href="#" data-opens-modal="true" aria-haspopup="dialog" class="product-grid-cell_name-text product-grid-cell_name-text--clamp-2"><span class="vector-icon_inline-text--left mr-0"><div class="vector-icon-size--xsmall"><svg xmlns="http://www.w3.org/2000/svg" aria-label="Ahold Icon" viewBox="0 0 1024 945" role="presentation" aria-hidden="true" focusable="false" class=""><title lang="en">Ahold Icon</title><desc></desc><g fill="" stroke=""><g><path d="M1.893 730.617c-1.289-2.094-2.052-4.631-2.052-7.346 0-.747.058-1.481.169-2.197.158-12.396 10.227-22.466 22.687-22.634h895.306c12.476.168 22.545 10.237 22.713 22.698-.521 3.721-1.182 6.924-2.024 10.053l.131-.574c-86.363 175.072-263.598 293.385-468.466 293.385S88.254 905.689 3.252 733.663l-1.361-3.046z" fill="#F7A800" class="path1"></path> <path d="M107.889 132.495c1.893-1.893 1.893-3.786 3.786-5.678 2.98-3.491 7.385-5.69 12.303-5.69s9.323 2.199 12.284 5.668l.019.022L613.264 603.8c3.491 2.98 5.69 7.385 5.69 12.303s-2.199 9.323-5.668 12.284c-1.399 1.869-3.361 3.216-5.631 3.789l-.069.015c-38.446 13.732-82.796 21.669-129.001 21.669-108.416 0-206.626-43.699-277.977-114.443C130.241 467.591 86.799 369.1 86.799 260.462c0-45.803 7.722-89.803 21.936-130.767l-.845 2.8z" fill="#E2231A" class="path2"></path> <path d="M600.015 1.893a6.922 6.922 0 0 1 5.713-1.889c.057-.006.164-.007.272-.007 7.15 0 12.947 5.796 12.947 12.947 0 .108-.001.215-.004.322v-.016 503.482c.002.091.004.199.004.306 0 7.15-5.796 12.947-12.947 12.947-.108 0-.215-.001-.322-.004a6.925 6.925 0 0 1-5.665-1.895l.002.002c-98.273-48.542-164.673-148.065-164.673-263.098S501.743 50.434 598.306 2.657l1.709-.765z" fill="#712177" class="path3"></path> <path d="M938.824 283.919c1.893 0 1.893 1.893 3.786 1.893 1.765 2.012 2.841 4.666 2.841 7.571s-1.077 5.559-2.853 7.584l.011-.013-268.776 266.884c-2.012 1.765-4.666 2.841-7.571 2.841s-5.559-1.077-7.584-2.853a3.774 3.774 0 0 1-1.877-3.793l-.002.019c-7.681-21.529-12.12-46.363-12.12-72.235 0-61.263 24.891-116.712 65.111-156.786 39.326-39.792 93.895-64.431 154.219-64.431 26.857 0 52.573 4.884 76.309 13.812l-1.494-.493z" fill="#82BC00" class="path4"></path></g></g></svg></div></span>
    Nature's Promise Organic 2% Reduced Fat Milk
  </a></div> <!----> <!----></div> <div class="skeleton-loader_wrapper"><div class="product-grid-cell_sizes"><span class="product-grid-cell_size">
    1/2 GALLON
  </span> <span aria-hidden="true">
    |
  </span> <!----> <span class="product-grid-cell_unit">
    $0.07 / OZ
  </span></div> <!----></div> <!----> <!----> <!----> <!----> <!----> <!----> <!----></div> <div class="mobile-product-list-cell_bottom"><div class="mobile-product-list-cell_bottom_cart-ui-wrapper"><!----> <!----> <div class="pdl-add-to-cart"><div class="pdl-add-to-cart_button"><button aria-label="Add to cart" data-product-id="136055" data-price="4.69" class="button button--add-to-cart">
      Add to cart
      <!----></button> <!----> <!----> <!----></div> <!----></div></div> <!----></div></div></div> <div class="product-tile_action-items"><!----> <!----> <div class="shopping-list-menu_container"><div class="relative-el"><button aria-label="add to shopping list" class="button pdl-product-detail_top-icon button--fourth pdl-product-detail_top-icon--borderless"><!----> <div class="vector-icon-size--large"><svg xmlns="http://www.w3.org/2000/svg" aria-label="Shopping List Icon Add" viewBox="0 0 32 32" role="presentation" aria-hidden="true" focusable="false" class="vector-icon-color--dark-grey"><title lang="en">Shopping List Icon Add</title><desc></desc><g fill="" stroke=""><g><path d="M21.94066,15.3368884 L21.94066,12.8931995 C21.94066,12.3409148 22.3883752,11.8931995 22.94066,11.8931995 C23.4929447,11.8931995 23.94066,12.3409148 23.94066,12.8931995 L23.94066,15.3368884 L26.2522624,15.3368884 C26.8045471,15.3368884 27.2522624,15.7846037 27.2522624,16.3368884 C27.2522624,16.8891732 26.8045471,17.3368884 26.2522624,17.3368884 L23.94066,17.3368884 L23.94066,19.8787952 C23.94066,20.43108 23.4929447,20.8787952 22.94066,20.8787952 C22.3883752,20.8787952 21.94066,20.43108 21.94066,19.8787952 L21.94066,17.3368884 L19.2666667,17.3368884 C18.7143819,17.3368884 18.2666667,16.8891732 18.2666667,16.3368884 C18.2666667,15.7846037 18.7143819,15.3368884 19.2666667,15.3368884 L21.94066,15.3368884 Z M8,12 C7.44771525,12 7,11.5522847 7,11 C7,10.4477153 7.44771525,10 8,10 L19.1153581,10 C19.6676429,10 20.1153581,10.4477153 20.1153581,11 C20.1153581,11.5522847 19.6676429,12 19.1153581,12 L8,12 Z M8,17.3368884 C7.44771525,17.3368884 7,16.8891732 7,16.3368884 C7,15.7846037 7.44771525,15.3368884 8,15.3368884 L14.7200696,15.3368884 C15.2723543,15.3368884 15.7200696,15.7846037 15.7200696,16.3368884 C15.7200696,16.8891732 15.2723543,17.3368884 14.7200696,17.3368884 L8,17.3368884 Z M8,23 C7.44771525,23 7,22.5522847 7,22 C7,21.4477153 7.44771525,21 8,21 L19.1153581,21 C19.6676429,21 20.1153581,21.4477153 20.1153581,22 C20.1153581,22.5522847 19.6676429,23 19.1153581,23 L8,23 Z" fill="#000000" fill-rule="nonzero"></path></g></g></svg></div> <div class="pdl-product-detail_list-tooltip"><p>Add item to shopping list</p> <em></em></div></button></div></div></div> <!----></li> <!----><!----> <!----> <!----> <!----> <li tabindex="-1" data-product-id="118574" class="slot mobile-product-list-cell"><!----> <!----> <!----> <!----> <div class="mobile-product-list-cell_content"><div><!----> <div class="flag_outer-container"><!----> <!----> <!----> <!----></div></div> <div class="mobile-product-list-cell_left"><div><!----> <img src="data:image/svg+xml;base64,PD94bWwgdmVyc2lvbj0iMS4wIiBlbmNvZGluZz0idXRmLTgiPz4KPCEtLSBHZW5lcmF0ZWQgYnkgSWNvTW9vbi5pbyAtLT4KPCFET0NUWVBFIHN2ZyBQVUJMSUMgIi0vL1czQy8vRFREIFNWRyAxLjEvL0VOIiAiaHR0cDovL3d3dy53My5vcmcvR3JhcGhpY3MvU1ZHLzEuMS9EVEQvc3ZnMTEuZHRkIj4KPHN2ZyB2ZXJzaW9uPSIxLjEiIHhtbG5zPSJodHRwOi8vd3d3LnczLm9yZy8yMDAwL3N2ZyIgeG1sbnM6eGxpbms9Imh0dHA6Ly93d3cudzMub3JnLzE5OTkveGxpbmsiIHdpZHRoPSI0OCIgaGVpZ2h0PSI0OCIgdmlld0JveD0iMCAwIDQ4IDQ4Ij4KPGcgaWQ9Imljb21vb24taWdub3JlIj4KCTxsaW5lIHN0cm9rZS13aWR0aD0iMSIgeDE9IiIgeTE9IiIgeDI9IiIgeTI9IiIgc3Ryb2tlPSIjNDQ5RkRCIiBvcGFjaXR5PSIiPjwvbGluZT4KPC9nPgoJPHBhdGggZD0iTTM4LjQ4IDkuMDcwYzAuMjQ4IDAgMC40NSAwLjIwMiAwLjQ1IDAuNDV2MjguOTU5YzAgMC4yNDgtMC4yMDIgMC40NS0wLjQ1IDAuNDVoLTI4Ljk1OWMtMC4yNDggMC0wLjQ1LTAuMjAyLTAuNDUtMC40NXYtMjguOTU5YzAtMC4yNDggMC4yMDItMC40NSAwLjQ1LTAuNDVoMjguOTU5ek0zOC40OCA4aC0yOC45NTljLTAuODQgMC0xLjUyIDAuNjgxLTEuNTIgMS41MjF2MjguOTU5YzAgMC44NCAwLjY4MSAxLjUyMSAxLjUyIDEuNTIxaDI4Ljk1OWMwLjg0IDAgMS41Mi0wLjY4MSAxLjUyLTEuNTIxdi0yOC45NTljMC0wLjg0LTAuNjgxLTEuNTIxLTEuNTItMS41MjF2MHoiIG9wYWNpdHk9IjEiIHZpc2liaWxpdHk9ImZhbHNlIiBmaWxsPSIjZDdkN2Q3Ij48L3BhdGg+Cgk8cGF0aCBkPSJNMTIuMjI4IDM1LjIyNHYtMy4zMjljMC0wLjE0NSAwLjA1OC0wLjI4NSAwLjE2LTAuMzg4bDUuNTg3LTUuNTg3YzAuMjE0LTAuMjE0IDAuNTYxLTAuMjE0IDAuNzc1IDBsMi4xMTkgMi4xMTljMC4yMTQgMC4yMTQgMC41NjEgMC4yMTQgMC43NzUgMGw4LjE5MS04LjE5MmMwLjIxNC0wLjIxNCAwLjU2MS0wLjIxNCAwLjc3NSAwbDUgNWMwLjEwMyAwLjEwMyAwLjE2IDAuMjQyIDAuMTYgMC4zODh2OS45ODhjMCAwLjMwMy0wLjI0NSAwLjU0OC0wLjU0OCAwLjU0OGgtMjIuNDQ3Yy0wLjMwMyAwLTAuNTQ4LTAuMjQ1LTAuNTQ4LTAuNTQ4eiIgb3BhY2l0eT0iMSIgdmlzaWJpbGl0eT0iZmFsc2UiIGZpbGw9IiNkN2Q3ZDciPjwvcGF0aD4KCTxwYXRoIGQ9Ik0yMS41NDQgMTcuOTY3YzAgMS45ODItMS42MDYgMy41ODgtMy41ODggMy41ODhzLTMuNTg4LTEuNjA2LTMuNTg4LTMuNTg4YzAtMS45ODEgMS42MDYtMy41ODggMy41ODgtMy41ODhzMy41ODggMS42MDYgMy41ODggMy41ODh6IiBvcGFjaXR5PSIxIiB2aXNpYmlsaXR5PSJmYWxzZSIgZmlsbD0iI2Q3ZDdkNyI+PC9wYXRoPgo8L3N2Zz4K" alt="Parsley Italian Flat-Leaf" skeleton-box-size="9rem" class="product-grid-image object-contain"></div></div> <div class="mobile-product-list-cell_info"><div class="product-tile_detail"><div class="skeleton-loader_wrapper cursor-pointer"><div class="product-grid-cell_price-container product-grid-cell_price-container--mobile"><span class="product-grid-cell_main-price"><!---->
    $0.99
  </span> <!----></div> <!----></div> <!----></div> <div class="mobile-product-list-cell_name-content"><div class="skeleton-loader_wrapper"><div class="product-grid-cell_name"><a id="product-name-118574-16760862937524075" href="#" data-opens-modal="true" aria-haspopup="dialog" class="product-grid-cell_name-text product-grid-cell_name-text--clamp-2"><!---->
    Parsley Italian Flat-Leaf
  </a></div> <!----> <!----></div> <div class="skeleton-loader_wrapper"><div class="product-grid-cell_sizes"><span class="product-grid-cell_size">
    1 BUNCH
  </span> <span aria-hidden="true">
    |
  </span> <!----> <span class="product-grid-cell_unit">
    $0.99 / EA
  </span></div> <!----></div> <!----> <!----> <!----> <!----> <!----> <!----> <!----></div> <div class="mobile-product-list-cell_bottom"><div class="mobile-product-list-cell_bottom_cart-ui-wrapper"><!----> <!----> <div class="pdl-add-to-cart"><div class="pdl-add-to-cart_button"><button aria-label="Add to cart" data-product-id="118574" data-price="0.99" class="button button--add-to-cart">
      Add to cart
      <!----></button> <!----> <!----> <!----></div> <!----></div></div> <!----></div></div></div> <div class="product-tile_action-items"><!----> <!----> <div class="shopping-list-menu_container"><div class="relative-el"><button aria-label="add to shopping list" class="button pdl-product-detail_top-icon button--fourth pdl-product-detail_top-icon--borderless"><!----> <div class="vector-icon-size--large"><svg xmlns="http://www.w3.org/2000/svg" aria-label="Shopping List Icon Add" viewBox="0 0 32 32" role="presentation" aria-hidden="true" focusable="false" class="vector-icon-color--dark-grey"><title lang="en">Shopping List Icon Add</title><desc></desc><g fill="" stroke=""><g><path d="M21.94066,15.3368884 L21.94066,12.8931995 C21.94066,12.3409148 22.3883752,11.8931995 22.94066,11.8931995 C23.4929447,11.8931995 23.94066,12.3409148 23.94066,12.8931995 L23.94066,15.3368884 L26.2522624,15.3368884 C26.8045471,15.3368884 27.2522624,15.7846037 27.2522624,16.3368884 C27.2522624,16.8891732 26.8045471,17.3368884 26.2522624,17.3368884 L23.94066,17.3368884 L23.94066,19.8787952 C23.94066,20.43108 23.4929447,20.8787952 22.94066,20.8787952 C22.3883752,20.8787952 21.94066,20.43108 21.94066,19.8787952 L21.94066,17.3368884 L19.2666667,17.3368884 C18.7143819,17.3368884 18.2666667,16.8891732 18.2666667,16.3368884 C18.2666667,15.7846037 18.7143819,15.3368884 19.2666667,15.3368884 L21.94066,15.3368884 Z M8,12 C7.44771525,12 7,11.5522847 7,11 C7,10.4477153 7.44771525,10 8,10 L19.1153581,10 C19.6676429,10 20.1153581,10.4477153 20.1153581,11 C20.1153581,11.5522847 19.6676429,12 19.1153581,12 L8,12 Z M8,17.3368884 C7.44771525,17.3368884 7,16.8891732 7,16.3368884 C7,15.7846037 7.44771525,15.3368884 8,15.3368884 L14.7200696,15.3368884 C15.2723543,15.3368884 15.7200696,15.7846037 15.7200696,16.3368884 C15.7200696,16.8891732 15.2723543,17.3368884 14.7200696,17.3368884 L8,17.3368884 Z M8,23 C7.44771525,23 7,22.5522847 7,22 C7,21.4477153 7.44771525,21 8,21 L19.1153581,21 C19.6676429,21 20.1153581,21.4477153 20.1153581,22 C20.1153581,22.5522847 19.6676429,23 19.1153581,23 L8,23 Z" fill="#000000" fill-rule="nonzero"></path></g></g></svg></div> <div class="pdl-product-detail_list-tooltip"><p>Add item to shopping list</p> <em></em></div></button></div></div></div> <!----></li> <!----><!----> <!----> <!----> <!----> <li tabindex="-1" data-product-id="12399" class="slot mobile-product-list-cell"><!----> <!----> <!----> <!----> <div class="mobile-product-list-cell_content"><div><!----> <div class="flag_outer-container"><div class=""><svg xmlns="http://www.w3.org/2000/svg" aria-label="Sale" viewBox="0 0 32 32" role="presentation" aria-hidden="true" focusable="false" class="w-20 ml-3"><title lang="en">Sale</title><desc></desc><g fill="" stroke=""><g><path d="M16.56 19.87a3.81 3.81 0 0 1-1-.13l-13.39-3.5a1.5 1.5 0 0 1-1.12-1.34l-.81-11a1.52 1.52 0 0 1 1.39-1.61l27.69-2h.11a1.51 1.51 0 0 1 1.5 1.4l.82 11a1.52 1.52 0 0 1-.91 1.5l-12.72 5.36a3.79 3.79 0 0 1-1.56.32Z" fill="#ed1256"></path><path fill="#fff" d="M29.43.48a1.26 1.26 0 0 1 1.26 1.17l.82 11a1.27 1.27 0 0 1-.76 1.26L18 19.34a3.72 3.72 0 0 1-1.47.3 3.79 3.79 0 0 1-.94-.12L2.24 16a1.27 1.27 0 0 1-1-1.13l-.81-11a1.26 1.26 0 0 1 1.22-1.33L29.34.48h.09m0-.48h-.13L1.62 2A1.76 1.76 0 0 0 0 3.92l.82 11a1.73 1.73 0 0 0 1.3 1.55L15.5 20a4.3 4.3 0 0 0 1.07.14 4.24 4.24 0 0 0 1.65-.34l12.72-5.44A1.76 1.76 0 0 0 32 12.59l-.82-11A1.76 1.76 0 0 0 29.43 0Z"></path><path fill="#fff" d="M3.74 9.87a3 3 0 0 0 .82.55 2.21 2.21 0 0 0 1.08.19 1.6 1.6 0 0 0 .29 0 1 1 0 0 0 .26-.12.58.58 0 0 0 .18-.2.62.62 0 0 0 0-.31.59.59 0 0 0-.32-.49 3.38 3.38 0 0 0-.85-.34L4.84 9a4.19 4.19 0 0 1-.69-.26 2.44 2.44 0 0 1-.63-.41 1.92 1.92 0 0 1-.7-1.42 2.68 2.68 0 0 1 .1-1A2.2 2.2 0 0 1 3.39 5a2.42 2.42 0 0 1 .82-.6 3.15 3.15 0 0 1 1.17-.28 3.68 3.68 0 0 1 1.72.24 3 3 0 0 1 .57.29A2.66 2.66 0 0 1 8 5l-.82 1.37a4.42 4.42 0 0 0-.82-.45 2 2 0 0 0-.85-.13 1.4 1.4 0 0 0-.28.06A.9.9 0 0 0 5 6a.62.62 0 0 0-.16.2.5.5 0 0 0 0 .28.6.6 0 0 0 .1.31.68.68 0 0 0 .24.2 1.27 1.27 0 0 0 .35.15l.43.13.35.09a7.49 7.49 0 0 1 .69.22 2.2 2.2 0 0 1 .72.42 2.46 2.46 0 0 1 .54.68 2.31 2.31 0 0 1 .27 1 2.15 2.15 0 0 1-.15 1 2.53 2.53 0 0 1-.56.84 2.77 2.77 0 0 1-.88.59 4 4 0 0 1-1.11.27A4.67 4.67 0 0 1 4 12.25a3.79 3.79 0 0 1-1.28-.75ZM11.29 3.89l2.17-.16 3.1 7.7-2 .15L14 10l-2.39.18-.35 1.67-2 .14Zm2.15 4.6-1-2.84-.61 2.95ZM17 3.47l1.89-.14.44 6 3.3-.25.16 1.92-5.19.39ZM23.36 3l5.13-.38.13 1.8-3.24.24.09 1.22 2.66-.2.12 1.7-2.65.2.09 1.35 3.46-.26.13 1.81-5.34.4Z"></path></g></g></svg></div> <!----> <!----> <!----></div></div> <div class="mobile-product-list-cell_left"><div><!----> <img src="data:image/svg+xml;base64,PD94bWwgdmVyc2lvbj0iMS4wIiBlbmNvZGluZz0idXRmLTgiPz4KPCEtLSBHZW5lcmF0ZWQgYnkgSWNvTW9vbi5pbyAtLT4KPCFET0NUWVBFIHN2ZyBQVUJMSUMgIi0vL1czQy8vRFREIFNWRyAxLjEvL0VOIiAiaHR0cDovL3d3dy53My5vcmcvR3JhcGhpY3MvU1ZHLzEuMS9EVEQvc3ZnMTEuZHRkIj4KPHN2ZyB2ZXJzaW9uPSIxLjEiIHhtbG5zPSJodHRwOi8vd3d3LnczLm9yZy8yMDAwL3N2ZyIgeG1sbnM6eGxpbms9Imh0dHA6Ly93d3cudzMub3JnLzE5OTkveGxpbmsiIHdpZHRoPSI0OCIgaGVpZ2h0PSI0OCIgdmlld0JveD0iMCAwIDQ4IDQ4Ij4KPGcgaWQ9Imljb21vb24taWdub3JlIj4KCTxsaW5lIHN0cm9rZS13aWR0aD0iMSIgeDE9IiIgeTE9IiIgeDI9IiIgeTI9IiIgc3Ryb2tlPSIjNDQ5RkRCIiBvcGFjaXR5PSIiPjwvbGluZT4KPC9nPgoJPHBhdGggZD0iTTM4LjQ4IDkuMDcwYzAuMjQ4IDAgMC40NSAwLjIwMiAwLjQ1IDAuNDV2MjguOTU5YzAgMC4yNDgtMC4yMDIgMC40NS0wLjQ1IDAuNDVoLTI4Ljk1OWMtMC4yNDggMC0wLjQ1LTAuMjAyLTAuNDUtMC40NXYtMjguOTU5YzAtMC4yNDggMC4yMDItMC40NSAwLjQ1LTAuNDVoMjguOTU5ek0zOC40OCA4aC0yOC45NTljLTAuODQgMC0xLjUyIDAuNjgxLTEuNTIgMS41MjF2MjguOTU5YzAgMC44NCAwLjY4MSAxLjUyMSAxLjUyIDEuNTIxaDI4Ljk1OWMwLjg0IDAgMS41Mi0wLjY4MSAxLjUyLTEuNTIxdi0yOC45NTljMC0wLjg0LTAuNjgxLTEuNTIxLTEuNTItMS41MjF2MHoiIG9wYWNpdHk9IjEiIHZpc2liaWxpdHk9ImZhbHNlIiBmaWxsPSIjZDdkN2Q3Ij48L3BhdGg+Cgk8cGF0aCBkPSJNMTIuMjI4IDM1LjIyNHYtMy4zMjljMC0wLjE0NSAwLjA1OC0wLjI4NSAwLjE2LTAuMzg4bDUuNTg3LTUuNTg3YzAuMjE0LTAuMjE0IDAuNTYxLTAuMjE0IDAuNzc1IDBsMi4xMTkgMi4xMTljMC4yMTQgMC4yMTQgMC41NjEgMC4yMTQgMC43NzUgMGw4LjE5MS04LjE5MmMwLjIxNC0wLjIxNCAwLjU2MS0wLjIxNCAwLjc3NSAwbDUgNWMwLjEwMyAwLjEwMyAwLjE2IDAuMjQyIDAuMTYgMC4zODh2OS45ODhjMCAwLjMwMy0wLjI0NSAwLjU0OC0wLjU0OCAwLjU0OGgtMjIuNDQ3Yy0wLjMwMyAwLTAuNTQ4LTAuMjQ1LTAuNTQ4LTAuNTQ4eiIgb3BhY2l0eT0iMSIgdmlzaWJpbGl0eT0iZmFsc2UiIGZpbGw9IiNkN2Q3ZDciPjwvcGF0aD4KCTxwYXRoIGQ9Ik0yMS41NDQgMTcuOTY3YzAgMS45ODItMS42MDYgMy41ODgtMy41ODggMy41ODhzLTMuNTg4LTEuNjA2LTMuNTg4LTMuNTg4YzAtMS45ODEgMS42MDYtMy41ODggMy41ODgtMy41ODhzMy41ODggMS42MDYgMy41ODggMy41ODh6IiBvcGFjaXR5PSIxIiB2aXNpYmlsaXR5PSJmYWxzZSIgZmlsbD0iI2Q3ZDdkNyI+PC9wYXRoPgo8L3N2Zz4K" alt="Onions Sweet" skeleton-box-size="9rem" class="product-grid-image object-contain"></div></div> <div class="mobile-product-list-cell_info"><div class="product-tile_detail"><div class="skeleton-loader_wrapper cursor-pointer"><div class="product-grid-cell_price-container product-grid-cell_price-container_column product-grid-cell_price-container--mobile"><span class="product-grid-cell_main-price product-grid-cell_main-price--on-sale"><span class="sr-only">
      Sale Price
    </span>
    $0.79
  </span> <div class="product-grid-cell_was-container"><span class="product-grid-cell_regular-price product-grid-cell_regular-price--small"><span class="sr-only">
        Original Price
      </span>
      $1.19
    </span></div></div> <!----></div> <!----></div> <div class="mobile-product-list-cell_name-content"><div class="skeleton-loader_wrapper"><div class="product-grid-cell_name"><a id="product-name-12399-16760862937562524" href="#" data-opens-modal="true" aria-haspopup="dialog" class="product-grid-cell_name-text product-grid-cell_name-text--clamp-2"><!---->
    Onions Sweet
  </a></div> <!----> <!----></div> <div class="skeleton-loader_wrapper"><div class="product-grid-cell_sizes"><span class="product-grid-cell_size">
    1 EA
  </span> <span aria-hidden="true">
    |
  </span> <!----> <span class="product-grid-cell_unit">
    $0.79 / EA
  </span></div> <!----></div> <!----> <!----> <!----> <!----> <!----> <!----> <!----></div> <div class="mobile-product-list-cell_bottom"><div class="mobile-product-list-cell_bottom_cart-ui-wrapper"><!----> <!----> <div class="pdl-add-to-cart"><div class="pdl-add-to-cart_button"><button aria-label="Add to cart" data-product-id="12399" data-price="0.79" class="button button--add-to-cart add-sale">
      Add to cart
      <!----></button> <!----> <!----> <!----></div> <!----></div></div> <!----></div></div></div> <div class="product-tile_action-items"><!----> <!----> <div class="shopping-list-menu_container"><div class="relative-el"><button aria-label="add to shopping list" class="button pdl-product-detail_top-icon button--fourth pdl-product-detail_top-icon--borderless"><!----> <div class="vector-icon-size--large"><svg xmlns="http://www.w3.org/2000/svg" aria-label="Shopping List Icon Add" viewBox="0 0 32 32" role="presentation" aria-hidden="true" focusable="false" class="vector-icon-color--dark-grey"><title lang="en">Shopping List Icon Add</title><desc></desc><g fill="" stroke=""><g><path d="M21.94066,15.3368884 L21.94066,12.8931995 C21.94066,12.3409148 22.3883752,11.8931995 22.94066,11.8931995 C23.4929447,11.8931995 23.94066,12.3409148 23.94066,12.8931995 L23.94066,15.3368884 L26.2522624,15.3368884 C26.8045471,15.3368884 27.2522624,15.7846037 27.2522624,16.3368884 C27.2522624,16.8891732 26.8045471,17.3368884 26.2522624,17.3368884 L23.94066,17.3368884 L23.94066,19.8787952 C23.94066,20.43108 23.4929447,20.8787952 22.94066,20.8787952 C22.3883752,20.8787952 21.94066,20.43108 21.94066,19.8787952 L21.94066,17.3368884 L19.2666667,17.3368884 C18.7143819,17.3368884 18.2666667,16.8891732 18.2666667,16.3368884 C18.2666667,15.7846037 18.7143819,15.3368884 19.2666667,15.3368884 L21.94066,15.3368884 Z M8,12 C7.44771525,12 7,11.5522847 7,11 C7,10.4477153 7.44771525,10 8,10 L19.1153581,10 C19.6676429,10 20.1153581,10.4477153 20.1153581,11 C20.1153581,11.5522847 19.6676429,12 19.1153581,12 L8,12 Z M8,17.3368884 C7.44771525,17.3368884 7,16.8891732 7,16.3368884 C7,15.7846037 7.44771525,15.3368884 8,15.3368884 L14.7200696,15.3368884 C15.2723543,15.3368884 15.7200696,15.7846037 15.7200696,16.3368884 C15.7200696,16.8891732 15.2723543,17.3368884 14.7200696,17.3368884 L8,17.3368884 Z M8,23 C7.44771525,23 7,22.5522847 7,22 C7,21.4477153 7.44771525,21 8,21 L19.1153581,21 C19.6676429,21 20.1153581,21.4477153 20.1153581,22 C20.1153581,22.5522847 19.6676429,23 19.1153581,23 L8,23 Z" fill="#000000" fill-rule="nonzero"></path></g></g></svg></div> <div class="pdl-product-detail_list-tooltip"><p>Add item to shopping list</p> <em></em></div></button></div></div></div> <!----></li> <!----><!----> <!----> <!----> <!----> <li tabindex="-1" data-product-id="1731" class="slot mobile-product-list-cell"><!----> <!----> <!----> <!----> <div class="mobile-product-list-cell_content"><div><!----> <div class="flag_outer-container"><div class=""><svg xmlns="http://www.w3.org/2000/svg" aria-label="Sale" viewBox="0 0 32 32" role="presentation" aria-hidden="true" focusable="false" class="w-20 ml-3"><title lang="en">Sale</title><desc></desc><g fill="" stroke=""><g><path d="M16.56 19.87a3.81 3.81 0 0 1-1-.13l-13.39-3.5a1.5 1.5 0 0 1-1.12-1.34l-.81-11a1.52 1.52 0 0 1 1.39-1.61l27.69-2h.11a1.51 1.51 0 0 1 1.5 1.4l.82 11a1.52 1.52 0 0 1-.91 1.5l-12.72 5.36a3.79 3.79 0 0 1-1.56.32Z" fill="#ed1256"></path><path fill="#fff" d="M29.43.48a1.26 1.26 0 0 1 1.26 1.17l.82 11a1.27 1.27 0 0 1-.76 1.26L18 19.34a3.72 3.72 0 0 1-1.47.3 3.79 3.79 0 0 1-.94-.12L2.24 16a1.27 1.27 0 0 1-1-1.13l-.81-11a1.26 1.26 0 0 1 1.22-1.33L29.34.48h.09m0-.48h-.13L1.62 2A1.76 1.76 0 0 0 0 3.92l.82 11a1.73 1.73 0 0 0 1.3 1.55L15.5 20a4.3 4.3 0 0 0 1.07.14 4.24 4.24 0 0 0 1.65-.34l12.72-5.44A1.76 1.76 0 0 0 32 12.59l-.82-11A1.76 1.76 0 0 0 29.43 0Z"></path><path fill="#fff" d="M3.74 9.87a3 3 0 0 0 .82.55 2.21 2.21 0 0 0 1.08.19 1.6 1.6 0 0 0 .29 0 1 1 0 0 0 .26-.12.58.58 0 0 0 .18-.2.62.62 0 0 0 0-.31.59.59 0 0 0-.32-.49 3.38 3.38 0 0 0-.85-.34L4.84 9a4.19 4.19 0 0 1-.69-.26 2.44 2.44 0 0 1-.63-.41 1.92 1.92 0 0 1-.7-1.42 2.68 2.68 0 0 1 .1-1A2.2 2.2 0 0 1 3.39 5a2.42 2.42 0 0 1 .82-.6 3.15 3.15 0 0 1 1.17-.28 3.68 3.68 0 0 1 1.72.24 3 3 0 0 1 .57.29A2.66 2.66 0 0 1 8 5l-.82 1.37a4.42 4.42 0 0 0-.82-.45 2 2 0 0 0-.85-.13 1.4 1.4 0 0 0-.28.06A.9.9 0 0 0 5 6a.62.62 0 0 0-.16.2.5.5 0 0 0 0 .28.6.6 0 0 0 .1.31.68.68 0 0 0 .24.2 1.27 1.27 0 0 0 .35.15l.43.13.35.09a7.49 7.49 0 0 1 .69.22 2.2 2.2 0 0 1 .72.42 2.46 2.46 0 0 1 .54.68 2.31 2.31 0 0 1 .27 1 2.15 2.15 0 0 1-.15 1 2.53 2.53 0 0 1-.56.84 2.77 2.77 0 0 1-.88.59 4 4 0 0 1-1.11.27A4.67 4.67 0 0 1 4 12.25a3.79 3.79 0 0 1-1.28-.75ZM11.29 3.89l2.17-.16 3.1 7.7-2 .15L14 10l-2.39.18-.35 1.67-2 .14Zm2.15 4.6-1-2.84-.61 2.95ZM17 3.47l1.89-.14.44 6 3.3-.25.16 1.92-5.19.39ZM23.36 3l5.13-.38.13 1.8-3.24.24.09 1.22 2.66-.2.12 1.7-2.65.2.09 1.35 3.46-.26.13 1.81-5.34.4Z"></path></g></g></svg></div> <!----> <!----> <!----></div></div> <div class="mobile-product-list-cell_left"><div><!----> <img src="data:image/svg+xml;base64,PD94bWwgdmVyc2lvbj0iMS4wIiBlbmNvZGluZz0idXRmLTgiPz4KPCEtLSBHZW5lcmF0ZWQgYnkgSWNvTW9vbi5pbyAtLT4KPCFET0NUWVBFIHN2ZyBQVUJMSUMgIi0vL1czQy8vRFREIFNWRyAxLjEvL0VOIiAiaHR0cDovL3d3dy53My5vcmcvR3JhcGhpY3MvU1ZHLzEuMS9EVEQvc3ZnMTEuZHRkIj4KPHN2ZyB2ZXJzaW9uPSIxLjEiIHhtbG5zPSJodHRwOi8vd3d3LnczLm9yZy8yMDAwL3N2ZyIgeG1sbnM6eGxpbms9Imh0dHA6Ly93d3cudzMub3JnLzE5OTkveGxpbmsiIHdpZHRoPSI0OCIgaGVpZ2h0PSI0OCIgdmlld0JveD0iMCAwIDQ4IDQ4Ij4KPGcgaWQ9Imljb21vb24taWdub3JlIj4KCTxsaW5lIHN0cm9rZS13aWR0aD0iMSIgeDE9IiIgeTE9IiIgeDI9IiIgeTI9IiIgc3Ryb2tlPSIjNDQ5RkRCIiBvcGFjaXR5PSIiPjwvbGluZT4KPC9nPgoJPHBhdGggZD0iTTM4LjQ4IDkuMDcwYzAuMjQ4IDAgMC40NSAwLjIwMiAwLjQ1IDAuNDV2MjguOTU5YzAgMC4yNDgtMC4yMDIgMC40NS0wLjQ1IDAuNDVoLTI4Ljk1OWMtMC4yNDggMC0wLjQ1LTAuMjAyLTAuNDUtMC40NXYtMjguOTU5YzAtMC4yNDggMC4yMDItMC40NSAwLjQ1LTAuNDVoMjguOTU5ek0zOC40OCA4aC0yOC45NTljLTAuODQgMC0xLjUyIDAuNjgxLTEuNTIgMS41MjF2MjguOTU5YzAgMC44NCAwLjY4MSAxLjUyMSAxLjUyIDEuNTIxaDI4Ljk1OWMwLjg0IDAgMS41Mi0wLjY4MSAxLjUyLTEuNTIxdi0yOC45NTljMC0wLjg0LTAuNjgxLTEuNTIxLTEuNTItMS41MjF2MHoiIG9wYWNpdHk9IjEiIHZpc2liaWxpdHk9ImZhbHNlIiBmaWxsPSIjZDdkN2Q3Ij48L3BhdGg+Cgk8cGF0aCBkPSJNMTIuMjI4IDM1LjIyNHYtMy4zMjljMC0wLjE0NSAwLjA1OC0wLjI4NSAwLjE2LTAuMzg4bDUuNTg3LTUuNTg3YzAuMjE0LTAuMjE0IDAuNTYxLTAuMjE0IDAuNzc1IDBsMi4xMTkgMi4xMTljMC4yMTQgMC4yMTQgMC41NjEgMC4yMTQgMC43NzUgMGw4LjE5MS04LjE5MmMwLjIxNC0wLjIxNCAwLjU2MS0wLjIxNCAwLjc3NSAwbDUgNWMwLjEwMyAwLjEwMyAwLjE2IDAuMjQyIDAuMTYgMC4zODh2OS45ODhjMCAwLjMwMy0wLjI0NSAwLjU0OC0wLjU0OCAwLjU0OGgtMjIuNDQ3Yy0wLjMwMyAwLTAuNTQ4LTAuMjQ1LTAuNTQ4LTAuNTQ4eiIgb3BhY2l0eT0iMSIgdmlzaWJpbGl0eT0iZmFsc2UiIGZpbGw9IiNkN2Q3ZDciPjwvcGF0aD4KCTxwYXRoIGQ9Ik0yMS41NDQgMTcuOTY3YzAgMS45ODItMS42MDYgMy41ODgtMy41ODggMy41ODhzLTMuNTg4LTEuNjA2LTMuNTg4LTMuNTg4YzAtMS45ODEgMS42MDYtMy41ODggMy41ODgtMy41ODhzMy41ODggMS42MDYgMy41ODggMy41ODh6IiBvcGFjaXR5PSIxIiB2aXNpYmlsaXR5PSJmYWxzZSIgZmlsbD0iI2Q3ZDdkNyI+PC9wYXRoPgo8L3N2Zz4K" alt="Breakstone's Sour Cream" skeleton-box-size="9rem" class="product-grid-image object-contain"></div></div> <div class="mobile-product-list-cell_info"><div class="product-tile_detail"><div class="skeleton-loader_wrapper cursor-pointer"><div class="product-grid-cell_price-container product-grid-cell_price-container_column product-grid-cell_price-container--mobile"><span class="product-grid-cell_main-price product-grid-cell_main-price--on-sale"><span class="sr-only">
      Sale Price
    </span>
    $2.00
  </span> <div class="product-grid-cell_was-container"><span class="product-grid-cell_regular-price product-grid-cell_regular-price--small"><span class="sr-only">
        Original Price
      </span>
      $3.19
    </span></div></div> <!----></div> <!----></div> <div class="mobile-product-list-cell_name-content"><div class="skeleton-loader_wrapper"><div class="product-grid-cell_name"><a id="product-name-1731-16760862937588017" href="#" data-opens-modal="true" aria-haspopup="dialog" class="product-grid-cell_name-text product-grid-cell_name-text--clamp-2"><!---->
    Breakstone's Sour Cream
  </a></div> <!----> <!----></div> <div class="skeleton-loader_wrapper"><div class="product-grid-cell_sizes"><span class="product-grid-cell_size">
    16 OZ TUB
  </span> <span aria-hidden="true">
    |
  </span> <!----> <span class="product-grid-cell_unit">
    $0.13 / OZ
  </span></div> <!----></div> <!----> <!----> <!----> <!----> <!----> <!----> <!----></div> <div class="mobile-product-list-cell_bottom"><div class="mobile-product-list-cell_bottom_cart-ui-wrapper"><!----> <!----> <div class="pdl-add-to-cart"><div class="pdl-add-to-cart_button"><button aria-label="Add to cart" data-product-id="1731" data-price="2" class="button button--add-to-cart add-sale">
      Add to cart
      <!----></button> <!----> <!----> <!----></div> <!----></div></div> <!----></div></div></div> <div class="product-tile_action-items"><!----> <!----> <div class="shopping-list-menu_container"><div class="relative-el"><button aria-label="add to shopping list" class="button pdl-product-detail_top-icon button--fourth pdl-product-detail_top-icon--borderless"><!----> <div class="vector-icon-size--large"><svg xmlns="http://www.w3.org/2000/svg" aria-label="Shopping List Icon Add" viewBox="0 0 32 32" role="presentation" aria-hidden="true" focusable="false" class="vector-icon-color--dark-grey"><title lang="en">Shopping List Icon Add</title><desc></desc><g fill="" stroke=""><g><path d="M21.94066,15.3368884 L21.94066,12.8931995 C21.94066,12.3409148 22.3883752,11.8931995 22.94066,11.8931995 C23.4929447,11.8931995 23.94066,12.3409148 23.94066,12.8931995 L23.94066,15.3368884 L26.2522624,15.3368884 C26.8045471,15.3368884 27.2522624,15.7846037 27.2522624,16.3368884 C27.2522624,16.8891732 26.8045471,17.3368884 26.2522624,17.3368884 L23.94066,17.3368884 L23.94066,19.8787952 C23.94066,20.43108 23.4929447,20.8787952 22.94066,20.8787952 C22.3883752,20.8787952 21.94066,20.43108 21.94066,19.8787952 L21.94066,17.3368884 L19.2666667,17.3368884 C18.7143819,17.3368884 18.2666667,16.8891732 18.2666667,16.3368884 C18.2666667,15.7846037 18.7143819,15.3368884 19.2666667,15.3368884 L21.94066,15.3368884 Z M8,12 C7.44771525,12 7,11.5522847 7,11 C7,10.4477153 7.44771525,10 8,10 L19.1153581,10 C19.6676429,10 20.1153581,10.4477153 20.1153581,11 C20.1153581,11.5522847 19.6676429,12 19.1153581,12 L8,12 Z M8,17.3368884 C7.44771525,17.3368884 7,16.8891732 7,16.3368884 C7,15.7846037 7.44771525,15.3368884 8,15.3368884 L14.7200696,15.3368884 C15.2723543,15.3368884 15.7200696,15.7846037 15.7200696,16.3368884 C15.7200696,16.8891732 15.2723543,17.3368884 14.7200696,17.3368884 L8,17.3368884 Z M8,23 C7.44771525,23 7,22.5522847 7,22 C7,21.4477153 7.44771525,21 8,21 L19.1153581,21 C19.6676429,21 20.1153581,21.4477153 20.1153581,22 C20.1153581,22.5522847 19.6676429,23 19.1153581,23 L8,23 Z" fill="#000000" fill-rule="nonzero"></path></g></g></svg></div> <div class="pdl-product-detail_list-tooltip"><p>Add item to shopping list</p> <em></em></div></button></div></div></div> <!----></li> <!----><!----> <!----> <!----> <!----> <li tabindex="-1" data-product-id="178116" class="slot mobile-product-list-cell"><!----> <!----> <!----> <!----> <div class="mobile-product-list-cell_content"><div><!----> <div class="flag_outer-container"><!----> <!----> <!----> <!----></div></div> <div class="mobile-product-list-cell_left"><div><!----> <img src="https://i5.peapod.com/c/GQ/GQ7NC.png" alt="Carrots Petite Baby" skeleton-box-size="9rem" class="product-grid-image object-contain"></div></div> <div class="mobile-product-list-cell_info"><div class="product-tile_detail"><div class="skeleton-loader_wrapper cursor-pointer"><div class="product-grid-cell_price-container product-grid-cell_price-container--mobile"><span class="product-grid-cell_main-price"><!---->
    $2.49
  </span> <!----></div> <!----></div> <!----></div> <div class="mobile-product-list-cell_name-content"><div class="skeleton-loader_wrapper"><div class="product-grid-cell_name"><a id="product-name-178116-16760862937612122" href="#" data-opens-modal="true" aria-haspopup="dialog" class="product-grid-cell_name-text product-grid-cell_name-text--clamp-2"><!---->
    Carrots Petite Baby
  </a></div> <!----> <!----></div> <div class="skeleton-loader_wrapper"><div class="product-grid-cell_sizes"><span class="product-grid-cell_size">
    12 OZ BAG
  </span> <span aria-hidden="true">
    |
  </span> <!----> <span class="product-grid-cell_unit">
    $0.21 / OZ
  </span></div> <!----></div> <!----> <!----> <!----> <!----> <!----> <!----> <!----></div> <div class="mobile-product-list-cell_bottom"><div class="mobile-product-list-cell_bottom_cart-ui-wrapper"><!----> <!----> <div class="pdl-add-to-cart"><div class="pdl-add-to-cart_button"><button aria-label="Add to cart" data-product-id="178116" data-price="2.49" class="button button--add-to-cart">
      Add to cart
      <!----></button> <!----> <!----> <!----></div> <!----></div></div> <!----></div></div></div> <div class="product-tile_action-items"><!----> <!----> <div class="shopping-list-menu_container"><div class="relative-el"><button aria-label="add to shopping list" class="button pdl-product-detail_top-icon button--fourth pdl-product-detail_top-icon--borderless"><!----> <div class="vector-icon-size--large"><svg xmlns="http://www.w3.org/2000/svg" aria-label="Shopping List Icon Add" viewBox="0 0 32 32" role="presentation" aria-hidden="true" focusable="false" class="vector-icon-color--dark-grey"><title lang="en">Shopping List Icon Add</title><desc></desc><g fill="" stroke=""><g><path d="M21.94066,15.3368884 L21.94066,12.8931995 C21.94066,12.3409148 22.3883752,11.8931995 22.94066,11.8931995 C23.4929447,11.8931995 23.94066,12.3409148 23.94066,12.8931995 L23.94066,15.3368884 L26.2522624,15.3368884 C26.8045471,15.3368884 27.2522624,15.7846037 27.2522624,16.3368884 C27.2522624,16.8891732 26.8045471,17.3368884 26.2522624,17.3368884 L23.94066,17.3368884 L23.94066,19.8787952 C23.94066,20.43108 23.4929447,20.8787952 22.94066,20.8787952 C22.3883752,20.8787952 21.94066,20.43108 21.94066,19.8787952 L21.94066,17.3368884 L19.2666667,17.3368884 C18.7143819,17.3368884 18.2666667,16.8891732 18.2666667,16.3368884 C18.2666667,15.7846037 18.7143819,15.3368884 19.2666667,15.3368884 L21.94066,15.3368884 Z M8,12 C7.44771525,12 7,11.5522847 7,11 C7,10.4477153 7.44771525,10 8,10 L19.1153581,10 C19.6676429,10 20.1153581,10.4477153 20.1153581,11 C20.1153581,11.5522847 19.6676429,12 19.1153581,12 L8,12 Z M8,17.3368884 C7.44771525,17.3368884 7,16.8891732 7,16.3368884 C7,15.7846037 7.44771525,15.3368884 8,15.3368884 L14.7200696,15.3368884 C15.2723543,15.3368884 15.7200696,15.7846037 15.7200696,16.3368884 C15.7200696,16.8891732 15.2723543,17.3368884 14.7200696,17.3368884 L8,17.3368884 Z M8,23 C7.44771525,23 7,22.5522847 7,22 C7,21.4477153 7.44771525,21 8,21 L19.1153581,21 C19.6676429,21 20.1153581,21.4477153 20.1153581,22 C20.1153581,22.5522847 19.6676429,23 19.1153581,23 L8,23 Z" fill="#000000" fill-rule="nonzero"></path></g></g></svg></div> <div class="pdl-product-detail_list-tooltip"><p>Add item to shopping list</p> <em></em></div></button></div></div></div> <!----></li> <!----><!----> <!----> <!----> <!----> <li tabindex="-1" data-product-id="180833" class="slot mobile-product-list-cell"><!----> <!----> <!----> <!----> <div class="mobile-product-list-cell_content"><div><!----> <div class="flag_outer-container"><!----> <!----> <!----> <!----></div></div> <div class="mobile-product-list-cell_left"><div><!----> <img src="https://i5.peapod.com/c/9L/9LLS5.png" alt="Mission Carb Balance Flour Tortillas Soft Taco Low Carb - 8 ct" skeleton-box-size="9rem" class="product-grid-image object-contain"></div></div> <div class="mobile-product-list-cell_info"><div class="product-tile_detail"><div class="skeleton-loader_wrapper cursor-pointer"><div class="product-grid-cell_price-container product-grid-cell_price-container--mobile"><span class="product-grid-cell_main-price"><!---->
    $5.29
  </span> <!----></div> <!----></div> <!----></div> <div class="mobile-product-list-cell_name-content"><div class="skeleton-loader_wrapper"><div class="product-grid-cell_name"><a id="product-name-180833-16760862937632861" href="#" data-opens-modal="true" aria-haspopup="dialog" class="product-grid-cell_name-text product-grid-cell_name-text--clamp-2"><!---->
    Mission Carb Balance Flour Tortillas Soft Taco Low Carb - 8 ct
  </a></div> <!----> <!----></div> <div class="skeleton-loader_wrapper"><div class="product-grid-cell_sizes"><span class="product-grid-cell_size">
    12 OZ PKG
  </span> <span aria-hidden="true">
    |
  </span> <!----> <span class="product-grid-cell_unit">
    $0.44 / OZ
  </span></div> <!----></div> <!----> <!----> <!----> <!----> <!----> <!----> <!----></div> <div class="mobile-product-list-cell_bottom"><div class="mobile-product-list-cell_bottom_cart-ui-wrapper"><!----> <!----> <div class="pdl-add-to-cart"><div class="pdl-add-to-cart_button"><button aria-label="Add to cart" data-product-id="180833" data-price="5.29" class="button button--add-to-cart">
      Add to cart
      <!----></button> <!----> <!----> <!----></div> <!----></div></div> <!----></div></div></div> <div class="product-tile_action-items"><!----> <!----> <div class="shopping-list-menu_container"><div class="relative-el"><button aria-label="add to shopping list" class="button pdl-product-detail_top-icon button--fourth pdl-product-detail_top-icon--borderless"><!----> <div class="vector-icon-size--large"><svg xmlns="http://www.w3.org/2000/svg" aria-label="Shopping List Icon Add" viewBox="0 0 32 32" role="presentation" aria-hidden="true" focusable="false" class="vector-icon-color--dark-grey"><title lang="en">Shopping List Icon Add</title><desc></desc><g fill="" stroke=""><g><path d="M21.94066,15.3368884 L21.94066,12.8931995 C21.94066,12.3409148 22.3883752,11.8931995 22.94066,11.8931995 C23.4929447,11.8931995 23.94066,12.3409148 23.94066,12.8931995 L23.94066,15.3368884 L26.2522624,15.3368884 C26.8045471,15.3368884 27.2522624,15.7846037 27.2522624,16.3368884 C27.2522624,16.8891732 26.8045471,17.3368884 26.2522624,17.3368884 L23.94066,17.3368884 L23.94066,19.8787952 C23.94066,20.43108 23.4929447,20.8787952 22.94066,20.8787952 C22.3883752,20.8787952 21.94066,20.43108 21.94066,19.8787952 L21.94066,17.3368884 L19.2666667,17.3368884 C18.7143819,17.3368884 18.2666667,16.8891732 18.2666667,16.3368884 C18.2666667,15.7846037 18.7143819,15.3368884 19.2666667,15.3368884 L21.94066,15.3368884 Z M8,12 C7.44771525,12 7,11.5522847 7,11 C7,10.4477153 7.44771525,10 8,10 L19.1153581,10 C19.6676429,10 20.1153581,10.4477153 20.1153581,11 C20.1153581,11.5522847 19.6676429,12 19.1153581,12 L8,12 Z M8,17.3368884 C7.44771525,17.3368884 7,16.8891732 7,16.3368884 C7,15.7846037 7.44771525,15.3368884 8,15.3368884 L14.7200696,15.3368884 C15.2723543,15.3368884 15.7200696,15.7846037 15.7200696,16.3368884 C15.7200696,16.8891732 15.2723543,17.3368884 14.7200696,17.3368884 L8,17.3368884 Z M8,23 C7.44771525,23 7,22.5522847 7,22 C7,21.4477153 7.44771525,21 8,21 L19.1153581,21 C19.6676429,21 20.1153581,21.4477153 20.1153581,22 C20.1153581,22.5522847 19.6676429,23 19.1153581,23 L8,23 Z" fill="#000000" fill-rule="nonzero"></path></g></g></svg></div> <div class="pdl-product-detail_list-tooltip"><p>Add item to shopping list</p> <em></em></div></button></div></div></div> <!----></li> <!----><!----> <!----> <!----> <!----> <li tabindex="-1" data-product-id="116544" class="slot mobile-product-list-cell"><!----> <!----> <!----> <!----> <div class="mobile-product-list-cell_content"><div><!----> <div class="flag_outer-container"><!----> <!----> <!----> <!----></div></div> <div class="mobile-product-list-cell_left"><div><!----> <img src="https://i5.peapod.com/c/JJ/JJB6I.jpg" alt="Boar's Head Deli Ham Branded Deluxe (Thin Sliced)" skeleton-box-size="9rem" class="product-grid-image object-contain"></div></div> <div class="mobile-product-list-cell_info"><div class="product-tile_detail"><div class="skeleton-loader_wrapper cursor-pointer"><div class="product-grid-cell_price-container product-grid-cell_price-container--mobile"><span class="product-grid-cell_main-price"><!---->
    $6.50
  </span> <!----></div> <!----></div> <!----></div> <div class="mobile-product-list-cell_name-content"><div class="skeleton-loader_wrapper"><div class="product-grid-cell_name"><a id="product-name-116544-16760862937650386" href="#" data-opens-modal="true" aria-haspopup="dialog" class="product-grid-cell_name-text product-grid-cell_name-text--clamp-2"><!---->
    Boar's Head Deli Ham Branded Deluxe (Thin Sliced)
  </a></div> <!----> <!----></div> <div class="skeleton-loader_wrapper"><div class="product-grid-cell_sizes"><span class="product-grid-cell_size">
    APX 1/2 LB
  </span> <span aria-hidden="true">
    |
  </span> <!----> <span class="product-grid-cell_unit">
    $12.99 / LB
  </span></div> <!----></div> <!----> <!----> <!----> <!----> <!----> <!----> <!----></div> <div class="mobile-product-list-cell_bottom"><div class="mobile-product-list-cell_bottom_cart-ui-wrapper"><!----> <!----> <div class="pdl-add-to-cart"><div class="pdl-add-to-cart_button"><button aria-label="Add to cart" data-product-id="116544" data-price="6.5" class="button button--add-to-cart">
      Add to cart
      <!----></button> <!----> <!----> <!----></div> <!----></div></div> <!----></div></div></div> <div class="product-tile_action-items"><!----> <!----> <div class="shopping-list-menu_container"><div class="relative-el"><button aria-label="add to shopping list" class="button pdl-product-detail_top-icon button--fourth pdl-product-detail_top-icon--borderless"><!----> <div class="vector-icon-size--large"><svg xmlns="http://www.w3.org/2000/svg" aria-label="Shopping List Icon Add" viewBox="0 0 32 32" role="presentation" aria-hidden="true" focusable="false" class="vector-icon-color--dark-grey"><title lang="en">Shopping List Icon Add</title><desc></desc><g fill="" stroke=""><g><path d="M21.94066,15.3368884 L21.94066,12.8931995 C21.94066,12.3409148 22.3883752,11.8931995 22.94066,11.8931995 C23.4929447,11.8931995 23.94066,12.3409148 23.94066,12.8931995 L23.94066,15.3368884 L26.2522624,15.3368884 C26.8045471,15.3368884 27.2522624,15.7846037 27.2522624,16.3368884 C27.2522624,16.8891732 26.8045471,17.3368884 26.2522624,17.3368884 L23.94066,17.3368884 L23.94066,19.8787952 C23.94066,20.43108 23.4929447,20.8787952 22.94066,20.8787952 C22.3883752,20.8787952 21.94066,20.43108 21.94066,19.8787952 L21.94066,17.3368884 L19.2666667,17.3368884 C18.7143819,17.3368884 18.2666667,16.8891732 18.2666667,16.3368884 C18.2666667,15.7846037 18.7143819,15.3368884 19.2666667,15.3368884 L21.94066,15.3368884 Z M8,12 C7.44771525,12 7,11.5522847 7,11 C7,10.4477153 7.44771525,10 8,10 L19.1153581,10 C19.6676429,10 20.1153581,10.4477153 20.1153581,11 C20.1153581,11.5522847 19.6676429,12 19.1153581,12 L8,12 Z M8,17.3368884 C7.44771525,17.3368884 7,16.8891732 7,16.3368884 C7,15.7846037 7.44771525,15.3368884 8,15.3368884 L14.7200696,15.3368884 C15.2723543,15.3368884 15.7200696,15.7846037 15.7200696,16.3368884 C15.7200696,16.8891732 15.2723543,17.3368884 14.7200696,17.3368884 L8,17.3368884 Z M8,23 C7.44771525,23 7,22.5522847 7,22 C7,21.4477153 7.44771525,21 8,21 L19.1153581,21 C19.6676429,21 20.1153581,21.4477153 20.1153581,22 C20.1153581,22.5522847 19.6676429,23 19.1153581,23 L8,23 Z" fill="#000000" fill-rule="nonzero"></path></g></g></svg></div> <div class="pdl-product-detail_list-tooltip"><p>Add item to shopping list</p> <em></em></div></button></div></div></div> <!----></li> <!----><!----> <!----> <!----> <!----> <li tabindex="-1" data-product-id="143866" class="slot mobile-product-list-cell"><!----> <!----> <!----> <!----> <div class="mobile-product-list-cell_content"><div><!----> <div class="flag_outer-container"><!----> <!----> <!----> <!----></div></div> <div class="mobile-product-list-cell_left"><div><!----> <img src="https://i5.peapod.com/c/CL/CL358.jpg" alt="Watermelon Mini Seedless" skeleton-box-size="9rem" class="product-grid-image object-contain"></div></div> <div class="mobile-product-list-cell_info"><div class="product-tile_detail"><div class="skeleton-loader_wrapper cursor-pointer"><div class="product-grid-cell_price-container product-grid-cell_price-container--mobile"><span class="product-grid-cell_main-price"><!---->
    $5.99
  </span> <!----></div> <!----></div> <!----></div> <div class="mobile-product-list-cell_name-content"><div class="skeleton-loader_wrapper"><div class="product-grid-cell_name"><a id="product-name-143866-16760862937668564" href="#" data-opens-modal="true" aria-haspopup="dialog" class="product-grid-cell_name-text product-grid-cell_name-text--clamp-2"><!---->
    Watermelon Mini Seedless
  </a></div> <!----> <!----></div> <div class="skeleton-loader_wrapper"><div class="product-grid-cell_sizes"><span class="product-grid-cell_size">
    1 EA
  </span> <span aria-hidden="true">
    |
  </span> <!----> <span class="product-grid-cell_unit">
    $5.99 / EA
  </span></div> <!----></div> <!----> <!----> <!----> <!----> <!----> <!----> <!----></div> <div class="mobile-product-list-cell_bottom"><div class="mobile-product-list-cell_bottom_cart-ui-wrapper"><!----> <!----> <div class="pdl-add-to-cart"><div class="pdl-add-to-cart_button"><button aria-label="Add to cart" data-product-id="143866" data-price="5.99" class="button button--add-to-cart">
      Add to cart
      <!----></button> <!----> <!----> <!----></div> <!----></div></div> <!----></div></div></div> <div class="product-tile_action-items"><!----> <!----> <div class="shopping-list-menu_container"><div class="relative-el"><button aria-label="add to shopping list" class="button pdl-product-detail_top-icon button--fourth pdl-product-detail_top-icon--borderless"><!----> <div class="vector-icon-size--large"><svg xmlns="http://www.w3.org/2000/svg" aria-label="Shopping List Icon Add" viewBox="0 0 32 32" role="presentation" aria-hidden="true" focusable="false" class="vector-icon-color--dark-grey"><title lang="en">Shopping List Icon Add</title><desc></desc><g fill="" stroke=""><g><path d="M21.94066,15.3368884 L21.94066,12.8931995 C21.94066,12.3409148 22.3883752,11.8931995 22.94066,11.8931995 C23.4929447,11.8931995 23.94066,12.3409148 23.94066,12.8931995 L23.94066,15.3368884 L26.2522624,15.3368884 C26.8045471,15.3368884 27.2522624,15.7846037 27.2522624,16.3368884 C27.2522624,16.8891732 26.8045471,17.3368884 26.2522624,17.3368884 L23.94066,17.3368884 L23.94066,19.8787952 C23.94066,20.43108 23.4929447,20.8787952 22.94066,20.8787952 C22.3883752,20.8787952 21.94066,20.43108 21.94066,19.8787952 L21.94066,17.3368884 L19.2666667,17.3368884 C18.7143819,17.3368884 18.2666667,16.8891732 18.2666667,16.3368884 C18.2666667,15.7846037 18.7143819,15.3368884 19.2666667,15.3368884 L21.94066,15.3368884 Z M8,12 C7.44771525,12 7,11.5522847 7,11 C7,10.4477153 7.44771525,10 8,10 L19.1153581,10 C19.6676429,10 20.1153581,10.4477153 20.1153581,11 C20.1153581,11.5522847 19.6676429,12 19.1153581,12 L8,12 Z M8,17.3368884 C7.44771525,17.3368884 7,16.8891732 7,16.3368884 C7,15.7846037 7.44771525,15.3368884 8,15.3368884 L14.7200696,15.3368884 C15.2723543,15.3368884 15.7200696,15.7846037 15.7200696,16.3368884 C15.7200696,16.8891732 15.2723543,17.3368884 14.7200696,17.3368884 L8,17.3368884 Z M8,23 C7.44771525,23 7,22.5522847 7,22 C7,21.4477153 7.44771525,21 8,21 L19.1153581,21 C19.6676429,21 20.1153581,21.4477153 20.1153581,22 C20.1153581,22.5522847 19.6676429,23 19.1153581,23 L8,23 Z" fill="#000000" fill-rule="nonzero"></path></g></g></svg></div> <div class="pdl-product-detail_list-tooltip"><p>Add item to shopping list</p> <em></em></div></button></div></div></div> <!----></li> <!----><!----> <!----> <!----> <!----> <li tabindex="-1" data-product-id="51257" class="slot mobile-product-list-cell"><!----> <!----> <!----> <!----> <div class="mobile-product-list-cell_content"><div><!----> <div class="flag_outer-container"><div class=""><svg xmlns="http://www.w3.org/2000/svg" aria-label="Sale" viewBox="0 0 32 32" role="presentation" aria-hidden="true" focusable="false" class="w-20 ml-3"><title lang="en">Sale</title><desc></desc><g fill="" stroke=""><g><path d="M16.56 19.87a3.81 3.81 0 0 1-1-.13l-13.39-3.5a1.5 1.5 0 0 1-1.12-1.34l-.81-11a1.52 1.52 0 0 1 1.39-1.61l27.69-2h.11a1.51 1.51 0 0 1 1.5 1.4l.82 11a1.52 1.52 0 0 1-.91 1.5l-12.72 5.36a3.79 3.79 0 0 1-1.56.32Z" fill="#ed1256"></path><path fill="#fff" d="M29.43.48a1.26 1.26 0 0 1 1.26 1.17l.82 11a1.27 1.27 0 0 1-.76 1.26L18 19.34a3.72 3.72 0 0 1-1.47.3 3.79 3.79 0 0 1-.94-.12L2.24 16a1.27 1.27 0 0 1-1-1.13l-.81-11a1.26 1.26 0 0 1 1.22-1.33L29.34.48h.09m0-.48h-.13L1.62 2A1.76 1.76 0 0 0 0 3.92l.82 11a1.73 1.73 0 0 0 1.3 1.55L15.5 20a4.3 4.3 0 0 0 1.07.14 4.24 4.24 0 0 0 1.65-.34l12.72-5.44A1.76 1.76 0 0 0 32 12.59l-.82-11A1.76 1.76 0 0 0 29.43 0Z"></path><path fill="#fff" d="M3.74 9.87a3 3 0 0 0 .82.55 2.21 2.21 0 0 0 1.08.19 1.6 1.6 0 0 0 .29 0 1 1 0 0 0 .26-.12.58.58 0 0 0 .18-.2.62.62 0 0 0 0-.31.59.59 0 0 0-.32-.49 3.38 3.38 0 0 0-.85-.34L4.84 9a4.19 4.19 0 0 1-.69-.26 2.44 2.44 0 0 1-.63-.41 1.92 1.92 0 0 1-.7-1.42 2.68 2.68 0 0 1 .1-1A2.2 2.2 0 0 1 3.39 5a2.42 2.42 0 0 1 .82-.6 3.15 3.15 0 0 1 1.17-.28 3.68 3.68 0 0 1 1.72.24 3 3 0 0 1 .57.29A2.66 2.66 0 0 1 8 5l-.82 1.37a4.42 4.42 0 0 0-.82-.45 2 2 0 0 0-.85-.13 1.4 1.4 0 0 0-.28.06A.9.9 0 0 0 5 6a.62.62 0 0 0-.16.2.5.5 0 0 0 0 .28.6.6 0 0 0 .1.31.68.68 0 0 0 .24.2 1.27 1.27 0 0 0 .35.15l.43.13.35.09a7.49 7.49 0 0 1 .69.22 2.2 2.2 0 0 1 .72.42 2.46 2.46 0 0 1 .54.68 2.31 2.31 0 0 1 .27 1 2.15 2.15 0 0 1-.15 1 2.53 2.53 0 0 1-.56.84 2.77 2.77 0 0 1-.88.59 4 4 0 0 1-1.11.27A4.67 4.67 0 0 1 4 12.25a3.79 3.79 0 0 1-1.28-.75ZM11.29 3.89l2.17-.16 3.1 7.7-2 .15L14 10l-2.39.18-.35 1.67-2 .14Zm2.15 4.6-1-2.84-.61 2.95ZM17 3.47l1.89-.14.44 6 3.3-.25.16 1.92-5.19.39ZM23.36 3l5.13-.38.13 1.8-3.24.24.09 1.22 2.66-.2.12 1.7-2.65.2.09 1.35 3.46-.26.13 1.81-5.34.4Z"></path></g></g></svg></div> <!----> <!----> <!----></div></div> <div class="mobile-product-list-cell_left"><div><!----> <img src="data:image/svg+xml;base64,PD94bWwgdmVyc2lvbj0iMS4wIiBlbmNvZGluZz0idXRmLTgiPz4KPCEtLSBHZW5lcmF0ZWQgYnkgSWNvTW9vbi5pbyAtLT4KPCFET0NUWVBFIHN2ZyBQVUJMSUMgIi0vL1czQy8vRFREIFNWRyAxLjEvL0VOIiAiaHR0cDovL3d3dy53My5vcmcvR3JhcGhpY3MvU1ZHLzEuMS9EVEQvc3ZnMTEuZHRkIj4KPHN2ZyB2ZXJzaW9uPSIxLjEiIHhtbG5zPSJodHRwOi8vd3d3LnczLm9yZy8yMDAwL3N2ZyIgeG1sbnM6eGxpbms9Imh0dHA6Ly93d3cudzMub3JnLzE5OTkveGxpbmsiIHdpZHRoPSI0OCIgaGVpZ2h0PSI0OCIgdmlld0JveD0iMCAwIDQ4IDQ4Ij4KPGcgaWQ9Imljb21vb24taWdub3JlIj4KCTxsaW5lIHN0cm9rZS13aWR0aD0iMSIgeDE9IiIgeTE9IiIgeDI9IiIgeTI9IiIgc3Ryb2tlPSIjNDQ5RkRCIiBvcGFjaXR5PSIiPjwvbGluZT4KPC9nPgoJPHBhdGggZD0iTTM4LjQ4IDkuMDcwYzAuMjQ4IDAgMC40NSAwLjIwMiAwLjQ1IDAuNDV2MjguOTU5YzAgMC4yNDgtMC4yMDIgMC40NS0wLjQ1IDAuNDVoLTI4Ljk1OWMtMC4yNDggMC0wLjQ1LTAuMjAyLTAuNDUtMC40NXYtMjguOTU5YzAtMC4yNDggMC4yMDItMC40NSAwLjQ1LTAuNDVoMjguOTU5ek0zOC40OCA4aC0yOC45NTljLTAuODQgMC0xLjUyIDAuNjgxLTEuNTIgMS41MjF2MjguOTU5YzAgMC44NCAwLjY4MSAxLjUyMSAxLjUyIDEuNTIxaDI4Ljk1OWMwLjg0IDAgMS41Mi0wLjY4MSAxLjUyLTEuNTIxdi0yOC45NTljMC0wLjg0LTAuNjgxLTEuNTIxLTEuNTItMS41MjF2MHoiIG9wYWNpdHk9IjEiIHZpc2liaWxpdHk9ImZhbHNlIiBmaWxsPSIjZDdkN2Q3Ij48L3BhdGg+Cgk8cGF0aCBkPSJNMTIuMjI4IDM1LjIyNHYtMy4zMjljMC0wLjE0NSAwLjA1OC0wLjI4NSAwLjE2LTAuMzg4bDUuNTg3LTUuNTg3YzAuMjE0LTAuMjE0IDAuNTYxLTAuMjE0IDAuNzc1IDBsMi4xMTkgMi4xMTljMC4yMTQgMC4yMTQgMC41NjEgMC4yMTQgMC43NzUgMGw4LjE5MS04LjE5MmMwLjIxNC0wLjIxNCAwLjU2MS0wLjIxNCAwLjc3NSAwbDUgNWMwLjEwMyAwLjEwMyAwLjE2IDAuMjQyIDAuMTYgMC4zODh2OS45ODhjMCAwLjMwMy0wLjI0NSAwLjU0OC0wLjU0OCAwLjU0OGgtMjIuNDQ3Yy0wLjMwMyAwLTAuNTQ4LTAuMjQ1LTAuNTQ4LTAuNTQ4eiIgb3BhY2l0eT0iMSIgdmlzaWJpbGl0eT0iZmFsc2UiIGZpbGw9IiNkN2Q3ZDciPjwvcGF0aD4KCTxwYXRoIGQ9Ik0yMS41NDQgMTcuOTY3YzAgMS45ODItMS42MDYgMy41ODgtMy41ODggMy41ODhzLTMuNTg4LTEuNjA2LTMuNTg4LTMuNTg4YzAtMS45ODEgMS42MDYtMy41ODggMy41ODgtMy41ODhzMy41ODggMS42MDYgMy41ODggMy41ODh6IiBvcGFjaXR5PSIxIiB2aXNpYmlsaXR5PSJmYWxzZSIgZmlsbD0iI2Q3ZDdkNyI+PC9wYXRoPgo8L3N2Zz4K" alt="Kraft Mexican Style Four Cheese Shredded Natural" skeleton-box-size="9rem" class="product-grid-image object-contain"></div></div> <div class="mobile-product-list-cell_info"><div class="product-tile_detail"><div class="skeleton-loader_wrapper cursor-pointer"><div class="product-grid-cell_price-container product-grid-cell_price-container_column product-grid-cell_price-container--mobile"><span class="product-grid-cell_main-price product-grid-cell_main-price--on-sale"><span class="sr-only">
      Sale Price
    </span>
    $2.50
  </span> <div class="product-grid-cell_was-container"><span class="product-grid-cell_regular-price product-grid-cell_regular-price--small"><span class="sr-only">
        Original Price
      </span>
      $4.49
    </span></div></div> <!----></div> <!----></div> <div class="mobile-product-list-cell_name-content"><div class="skeleton-loader_wrapper"><div class="product-grid-cell_name"><a id="product-name-51257-16760862931704262" href="#" data-opens-modal="true" aria-haspopup="dialog" class="product-grid-cell_name-text product-grid-cell_name-text--clamp-2"><!---->
    Kraft Mexican Style Four Cheese Shredded Natural
  </a></div> <!----> <!----></div> <div class="skeleton-loader_wrapper"><div class="product-grid-cell_sizes"><span class="product-grid-cell_size">
    8 OZ BAG
  </span> <span aria-hidden="true">
    |
  </span> <!----> <span class="product-grid-cell_unit">
    $5.00 / LB
  </span></div> <!----></div> <!----> <!----> <!----> <!----> <!----> <!----> <!----></div> <div class="mobile-product-list-cell_bottom"><div class="mobile-product-list-cell_bottom_cart-ui-wrapper"><!----> <!----> <div class="pdl-add-to-cart"><div class="pdl-add-to-cart_button"><button aria-label="Add to cart" data-product-id="51257" data-price="2.5" class="button button--add-to-cart add-sale">
      Add to cart
      <!----></button> <!----> <!----> <!----></div> <!----></div></div> <!----></div></div></div> <div class="product-tile_action-items"><!----> <!----> <div class="shopping-list-menu_container"><div class="relative-el"><button aria-label="add to shopping list" class="button pdl-product-detail_top-icon button--fourth pdl-product-detail_top-icon--borderless"><!----> <div class="vector-icon-size--large"><svg xmlns="http://www.w3.org/2000/svg" aria-label="Shopping List Icon Add" viewBox="0 0 32 32" role="presentation" aria-hidden="true" focusable="false" class="vector-icon-color--dark-grey"><title lang="en">Shopping List Icon Add</title><desc></desc><g fill="" stroke=""><g><path d="M21.94066,15.3368884 L21.94066,12.8931995 C21.94066,12.3409148 22.3883752,11.8931995 22.94066,11.8931995 C23.4929447,11.8931995 23.94066,12.3409148 23.94066,12.8931995 L23.94066,15.3368884 L26.2522624,15.3368884 C26.8045471,15.3368884 27.2522624,15.7846037 27.2522624,16.3368884 C27.2522624,16.8891732 26.8045471,17.3368884 26.2522624,17.3368884 L23.94066,17.3368884 L23.94066,19.8787952 C23.94066,20.43108 23.4929447,20.8787952 22.94066,20.8787952 C22.3883752,20.8787952 21.94066,20.43108 21.94066,19.8787952 L21.94066,17.3368884 L19.2666667,17.3368884 C18.7143819,17.3368884 18.2666667,16.8891732 18.2666667,16.3368884 C18.2666667,15.7846037 18.7143819,15.3368884 19.2666667,15.3368884 L21.94066,15.3368884 Z M8,12 C7.44771525,12 7,11.5522847 7,11 C7,10.4477153 7.44771525,10 8,10 L19.1153581,10 C19.6676429,10 20.1153581,10.4477153 20.1153581,11 C20.1153581,11.5522847 19.6676429,12 19.1153581,12 L8,12 Z M8,17.3368884 C7.44771525,17.3368884 7,16.8891732 7,16.3368884 C7,15.7846037 7.44771525,15.3368884 8,15.3368884 L14.7200696,15.3368884 C15.2723543,15.3368884 15.7200696,15.7846037 15.7200696,16.3368884 C15.7200696,16.8891732 15.2723543,17.3368884 14.7200696,17.3368884 L8,17.3368884 Z M8,23 C7.44771525,23 7,22.5522847 7,22 C7,21.4477153 7.44771525,21 8,21 L19.1153581,21 C19.6676429,21 20.1153581,21.4477153 20.1153581,22 C20.1153581,22.5522847 19.6676429,23 19.1153581,23 L8,23 Z" fill="#000000" fill-rule="nonzero"></path></g></g></svg></div> <div class="pdl-product-detail_list-tooltip"><p>Add item to shopping list</p> <em></em></div></button></div></div></div> <!----></li> <!----><!----> <!----> <!----> <!----> <li tabindex="-1" data-product-id="192437" class="slot mobile-product-list-cell"><!----> <!----> <!----> <!----> <div class="mobile-product-list-cell_content"><div><!----> <div class="flag_outer-container"><!----> <!----> <!----> <!----></div></div> <div class="mobile-product-list-cell_left"><div><!----> <img src="https://i5.peapod.com/c/OM/OMWK8.png" alt="Stop &amp; Shop Whole Vitamin D Milk" skeleton-box-size="9rem" class="product-grid-image object-contain"></div></div> <div class="mobile-product-list-cell_info"><div class="product-tile_detail"><div class="skeleton-loader_wrapper cursor-pointer"><div class="product-grid-cell_price-container product-grid-cell_price-container--mobile"><span class="product-grid-cell_main-price"><!---->
    $4.29
  </span> <!----></div> <!----></div> <!----></div> <div class="mobile-product-list-cell_name-content"><div class="skeleton-loader_wrapper"><div class="product-grid-cell_name"><a id="product-name-192437-16760862580333104" href="#" data-opens-modal="true" aria-haspopup="dialog" class="product-grid-cell_name-text product-grid-cell_name-text--clamp-2"><span class="vector-icon_inline-text--left mr-0"><div class="vector-icon-size--xsmall"><svg xmlns="http://www.w3.org/2000/svg" aria-label="Ahold Icon" viewBox="0 0 1024 945" role="presentation" aria-hidden="true" focusable="false" class=""><title lang="en">Ahold Icon</title><desc></desc><g fill="" stroke=""><g><path d="M1.893 730.617c-1.289-2.094-2.052-4.631-2.052-7.346 0-.747.058-1.481.169-2.197.158-12.396 10.227-22.466 22.687-22.634h895.306c12.476.168 22.545 10.237 22.713 22.698-.521 3.721-1.182 6.924-2.024 10.053l.131-.574c-86.363 175.072-263.598 293.385-468.466 293.385S88.254 905.689 3.252 733.663l-1.361-3.046z" fill="#F7A800" class="path1"></path> <path d="M107.889 132.495c1.893-1.893 1.893-3.786 3.786-5.678 2.98-3.491 7.385-5.69 12.303-5.69s9.323 2.199 12.284 5.668l.019.022L613.264 603.8c3.491 2.98 5.69 7.385 5.69 12.303s-2.199 9.323-5.668 12.284c-1.399 1.869-3.361 3.216-5.631 3.789l-.069.015c-38.446 13.732-82.796 21.669-129.001 21.669-108.416 0-206.626-43.699-277.977-114.443C130.241 467.591 86.799 369.1 86.799 260.462c0-45.803 7.722-89.803 21.936-130.767l-.845 2.8z" fill="#E2231A" class="path2"></path> <path d="M600.015 1.893a6.922 6.922 0 0 1 5.713-1.889c.057-.006.164-.007.272-.007 7.15 0 12.947 5.796 12.947 12.947 0 .108-.001.215-.004.322v-.016 503.482c.002.091.004.199.004.306 0 7.15-5.796 12.947-12.947 12.947-.108 0-.215-.001-.322-.004a6.925 6.925 0 0 1-5.665-1.895l.002.002c-98.273-48.542-164.673-148.065-164.673-263.098S501.743 50.434 598.306 2.657l1.709-.765z" fill="#712177" class="path3"></path> <path d="M938.824 283.919c1.893 0 1.893 1.893 3.786 1.893 1.765 2.012 2.841 4.666 2.841 7.571s-1.077 5.559-2.853 7.584l.011-.013-268.776 266.884c-2.012 1.765-4.666 2.841-7.571 2.841s-5.559-1.077-7.584-2.853a3.774 3.774 0 0 1-1.877-3.793l-.002.019c-7.681-21.529-12.12-46.363-12.12-72.235 0-61.263 24.891-116.712 65.111-156.786 39.326-39.792 93.895-64.431 154.219-64.431 26.857 0 52.573 4.884 76.309 13.812l-1.494-.493z" fill="#82BC00" class="path4"></path></g></g></svg></div></span>
    Stop &amp; Shop Whole Vitamin D Milk
  </a></div> <!----> <!----></div> <div class="skeleton-loader_wrapper"><div class="product-grid-cell_sizes"><span class="product-grid-cell_size">
    1 GALLON
  </span> <span aria-hidden="true">
    |
  </span> <!----> <span class="product-grid-cell_unit">
    $0.03 / OZ
  </span></div> <!----></div> <!----> <!----> <!----> <!----> <!----> <!----> <!----></div> <div class="mobile-product-list-cell_bottom"><div class="mobile-product-list-cell_bottom_cart-ui-wrapper"><!----> <!----> <div class="pdl-add-to-cart"><div class="pdl-add-to-cart_button"><button aria-label="Add to cart" data-product-id="192437" data-price="4.29" class="button button--add-to-cart">
      Add to cart
      <!----></button> <!----> <!----> <!----></div> <!----></div></div> <!----></div></div></div> <div class="product-tile_action-items"><!----> <!----> <div class="shopping-list-menu_container"><div class="relative-el"><button aria-label="add to shopping list" class="button pdl-product-detail_top-icon button--fourth pdl-product-detail_top-icon--borderless"><!----> <div class="vector-icon-size--large"><svg xmlns="http://www.w3.org/2000/svg" aria-label="Shopping List Icon Add" viewBox="0 0 32 32" role="presentation" aria-hidden="true" focusable="false" class="vector-icon-color--dark-grey"><title lang="en">Shopping List Icon Add</title><desc></desc><g fill="" stroke=""><g><path d="M21.94066,15.3368884 L21.94066,12.8931995 C21.94066,12.3409148 22.3883752,11.8931995 22.94066,11.8931995 C23.4929447,11.8931995 23.94066,12.3409148 23.94066,12.8931995 L23.94066,15.3368884 L26.2522624,15.3368884 C26.8045471,15.3368884 27.2522624,15.7846037 27.2522624,16.3368884 C27.2522624,16.8891732 26.8045471,17.3368884 26.2522624,17.3368884 L23.94066,17.3368884 L23.94066,19.8787952 C23.94066,20.43108 23.4929447,20.8787952 22.94066,20.8787952 C22.3883752,20.8787952 21.94066,20.43108 21.94066,19.8787952 L21.94066,17.3368884 L19.2666667,17.3368884 C18.7143819,17.3368884 18.2666667,16.8891732 18.2666667,16.3368884 C18.2666667,15.7846037 18.7143819,15.3368884 19.2666667,15.3368884 L21.94066,15.3368884 Z M8,12 C7.44771525,12 7,11.5522847 7,11 C7,10.4477153 7.44771525,10 8,10 L19.1153581,10 C19.6676429,10 20.1153581,10.4477153 20.1153581,11 C20.1153581,11.5522847 19.6676429,12 19.1153581,12 L8,12 Z M8,17.3368884 C7.44771525,17.3368884 7,16.8891732 7,16.3368884 C7,15.7846037 7.44771525,15.3368884 8,15.3368884 L14.7200696,15.3368884 C15.2723543,15.3368884 15.7200696,15.7846037 15.7200696,16.3368884 C15.7200696,16.8891732 15.2723543,17.3368884 14.7200696,17.3368884 L8,17.3368884 Z M8,23 C7.44771525,23 7,22.5522847 7,22 C7,21.4477153 7.44771525,21 8,21 L19.1153581,21 C19.6676429,21 20.1153581,21.4477153 20.1153581,22 C20.1153581,22.5522847 19.6676429,23 19.1153581,23 L8,23 Z" fill="#000000" fill-rule="nonzero"></path></g></g></svg></div> <div class="pdl-product-detail_list-tooltip"><p>Add item to shopping list</p> <em></em></div></button></div></div></div> <!----></li> <!----><!----> <!----> <!----> <!----> <li tabindex="-1" data-product-id="148457" class="slot mobile-product-list-cell"><!----> <!----> <!----> <!----> <div class="mobile-product-list-cell_content"><div><!----> <div class="flag_outer-container"><!----> <!----> <!----> <!----></div></div> <div class="mobile-product-list-cell_left"><div><!----> <img src="https://i5.peapod.com/c/F2/F2WR3.png" alt="Nature's Promise Organic Whole Milk" skeleton-box-size="9rem" class="product-grid-image object-contain"></div></div> <div class="mobile-product-list-cell_info"><div class="product-tile_detail"><div class="skeleton-loader_wrapper cursor-pointer"><div class="product-grid-cell_price-container product-grid-cell_price-container--mobile"><span class="product-grid-cell_main-price"><!---->
    $7.39
  </span> <!----></div> <!----></div> <!----></div> <div class="mobile-product-list-cell_name-content"><div class="skeleton-loader_wrapper"><div class="product-grid-cell_name"><a id="product-name-148457-16760862580369559" href="#" data-opens-modal="true" aria-haspopup="dialog" class="product-grid-cell_name-text product-grid-cell_name-text--clamp-2"><span class="vector-icon_inline-text--left mr-0"><div class="vector-icon-size--xsmall"><svg xmlns="http://www.w3.org/2000/svg" aria-label="Ahold Icon" viewBox="0 0 1024 945" role="presentation" aria-hidden="true" focusable="false" class=""><title lang="en">Ahold Icon</title><desc></desc><g fill="" stroke=""><g><path d="M1.893 730.617c-1.289-2.094-2.052-4.631-2.052-7.346 0-.747.058-1.481.169-2.197.158-12.396 10.227-22.466 22.687-22.634h895.306c12.476.168 22.545 10.237 22.713 22.698-.521 3.721-1.182 6.924-2.024 10.053l.131-.574c-86.363 175.072-263.598 293.385-468.466 293.385S88.254 905.689 3.252 733.663l-1.361-3.046z" fill="#F7A800" class="path1"></path> <path d="M107.889 132.495c1.893-1.893 1.893-3.786 3.786-5.678 2.98-3.491 7.385-5.69 12.303-5.69s9.323 2.199 12.284 5.668l.019.022L613.264 603.8c3.491 2.98 5.69 7.385 5.69 12.303s-2.199 9.323-5.668 12.284c-1.399 1.869-3.361 3.216-5.631 3.789l-.069.015c-38.446 13.732-82.796 21.669-129.001 21.669-108.416 0-206.626-43.699-277.977-114.443C130.241 467.591 86.799 369.1 86.799 260.462c0-45.803 7.722-89.803 21.936-130.767l-.845 2.8z" fill="#E2231A" class="path2"></path> <path d="M600.015 1.893a6.922 6.922 0 0 1 5.713-1.889c.057-.006.164-.007.272-.007 7.15 0 12.947 5.796 12.947 12.947 0 .108-.001.215-.004.322v-.016 503.482c.002.091.004.199.004.306 0 7.15-5.796 12.947-12.947 12.947-.108 0-.215-.001-.322-.004a6.925 6.925 0 0 1-5.665-1.895l.002.002c-98.273-48.542-164.673-148.065-164.673-263.098S501.743 50.434 598.306 2.657l1.709-.765z" fill="#712177" class="path3"></path> <path d="M938.824 283.919c1.893 0 1.893 1.893 3.786 1.893 1.765 2.012 2.841 4.666 2.841 7.571s-1.077 5.559-2.853 7.584l.011-.013-268.776 266.884c-2.012 1.765-4.666 2.841-7.571 2.841s-5.559-1.077-7.584-2.853a3.774 3.774 0 0 1-1.877-3.793l-.002.019c-7.681-21.529-12.12-46.363-12.12-72.235 0-61.263 24.891-116.712 65.111-156.786 39.326-39.792 93.895-64.431 154.219-64.431 26.857 0 52.573 4.884 76.309 13.812l-1.494-.493z" fill="#82BC00" class="path4"></path></g></g></svg></div></span>
    Nature's Promise Organic Whole Milk
  </a></div> <!----> <!----></div> <div class="skeleton-loader_wrapper"><div class="product-grid-cell_sizes"><span class="product-grid-cell_size">
    1 GALLON
  </span> <span aria-hidden="true">
    |
  </span> <!----> <span class="product-grid-cell_unit">
    $0.06 / OZ
  </span></div> <!----></div> <!----> <!----> <!----> <!----> <!----> <!----> <!----></div> <div class="mobile-product-list-cell_bottom"><div class="mobile-product-list-cell_bottom_cart-ui-wrapper"><!----> <!----> <div class="pdl-add-to-cart"><div class="pdl-add-to-cart_button"><button aria-label="Add to cart" data-product-id="148457" data-price="7.39" class="button button--add-to-cart">
      Add to cart
      <!----></button> <!----> <!----> <!----></div> <!----></div></div> <!----></div></div></div> <div class="product-tile_action-items"><!----> <!----> <div class="shopping-list-menu_container"><div class="relative-el"><button aria-label="add to shopping list" class="button pdl-product-detail_top-icon button--fourth pdl-product-detail_top-icon--borderless"><!----> <div class="vector-icon-size--large"><svg xmlns="http://www.w3.org/2000/svg" aria-label="Shopping List Icon Add" viewBox="0 0 32 32" role="presentation" aria-hidden="true" focusable="false" class="vector-icon-color--dark-grey"><title lang="en">Shopping List Icon Add</title><desc></desc><g fill="" stroke=""><g><path d="M21.94066,15.3368884 L21.94066,12.8931995 C21.94066,12.3409148 22.3883752,11.8931995 22.94066,11.8931995 C23.4929447,11.8931995 23.94066,12.3409148 23.94066,12.8931995 L23.94066,15.3368884 L26.2522624,15.3368884 C26.8045471,15.3368884 27.2522624,15.7846037 27.2522624,16.3368884 C27.2522624,16.8891732 26.8045471,17.3368884 26.2522624,17.3368884 L23.94066,17.3368884 L23.94066,19.8787952 C23.94066,20.43108 23.4929447,20.8787952 22.94066,20.8787952 C22.3883752,20.8787952 21.94066,20.43108 21.94066,19.8787952 L21.94066,17.3368884 L19.2666667,17.3368884 C18.7143819,17.3368884 18.2666667,16.8891732 18.2666667,16.3368884 C18.2666667,15.7846037 18.7143819,15.3368884 19.2666667,15.3368884 L21.94066,15.3368884 Z M8,12 C7.44771525,12 7,11.5522847 7,11 C7,10.4477153 7.44771525,10 8,10 L19.1153581,10 C19.6676429,10 20.1153581,10.4477153 20.1153581,11 C20.1153581,11.5522847 19.6676429,12 19.1153581,12 L8,12 Z M8,17.3368884 C7.44771525,17.3368884 7,16.8891732 7,16.3368884 C7,15.7846037 7.44771525,15.3368884 8,15.3368884 L14.7200696,15.3368884 C15.2723543,15.3368884 15.7200696,15.7846037 15.7200696,16.3368884 C15.7200696,16.8891732 15.2723543,17.3368884 14.7200696,17.3368884 L8,17.3368884 Z M8,23 C7.44771525,23 7,22.5522847 7,22 C7,21.4477153 7.44771525,21 8,21 L19.1153581,21 C19.6676429,21 20.1153581,21.4477153 20.1153581,22 C20.1153581,22.5522847 19.6676429,23 19.1153581,23 L8,23 Z" fill="#000000" fill-rule="nonzero"></path></g></g></svg></div> <div class="pdl-product-detail_list-tooltip"><p>Add item to shopping list</p> <em></em></div></button></div></div></div> <!----></li> <!----><!----> <!----> <!----> <!----> <li tabindex="-1" data-product-id="190247" class="slot mobile-product-list-cell"><!----> <!----> <!----> <!----> <div class="mobile-product-list-cell_content"><div><!----> <div class="flag_outer-container"><!----> <!----> <!----> <!----></div></div> <div class="mobile-product-list-cell_left"><div><!----> <img src="https://i5.peapod.com/c/YR/YR53B.jpg" alt="Nature's Promise Chicken Thighs Boneless Skinless" skeleton-box-size="9rem" class="product-grid-image object-contain"></div></div> <div class="mobile-product-list-cell_info"><div class="product-tile_detail"><div class="skeleton-loader_wrapper cursor-pointer"><div class="product-grid-cell_price-container product-grid-cell_price-container--mobile"><span class="product-grid-cell_main-price"><!---->
    $8.24
  </span> <!----></div> <!----></div> <!----></div> <div class="mobile-product-list-cell_name-content"><div class="skeleton-loader_wrapper"><div class="product-grid-cell_name"><a id="product-name-190247-16760862580380058" href="#" data-opens-modal="true" aria-haspopup="dialog" class="product-grid-cell_name-text product-grid-cell_name-text--clamp-2"><span class="vector-icon_inline-text--left mr-0"><div class="vector-icon-size--xsmall"><svg xmlns="http://www.w3.org/2000/svg" aria-label="Ahold Icon" viewBox="0 0 1024 945" role="presentation" aria-hidden="true" focusable="false" class=""><title lang="en">Ahold Icon</title><desc></desc><g fill="" stroke=""><g><path d="M1.893 730.617c-1.289-2.094-2.052-4.631-2.052-7.346 0-.747.058-1.481.169-2.197.158-12.396 10.227-22.466 22.687-22.634h895.306c12.476.168 22.545 10.237 22.713 22.698-.521 3.721-1.182 6.924-2.024 10.053l.131-.574c-86.363 175.072-263.598 293.385-468.466 293.385S88.254 905.689 3.252 733.663l-1.361-3.046z" fill="#F7A800" class="path1"></path> <path d="M107.889 132.495c1.893-1.893 1.893-3.786 3.786-5.678 2.98-3.491 7.385-5.69 12.303-5.69s9.323 2.199 12.284 5.668l.019.022L613.264 603.8c3.491 2.98 5.69 7.385 5.69 12.303s-2.199 9.323-5.668 12.284c-1.399 1.869-3.361 3.216-5.631 3.789l-.069.015c-38.446 13.732-82.796 21.669-129.001 21.669-108.416 0-206.626-43.699-277.977-114.443C130.241 467.591 86.799 369.1 86.799 260.462c0-45.803 7.722-89.803 21.936-130.767l-.845 2.8z" fill="#E2231A" class="path2"></path> <path d="M600.015 1.893a6.922 6.922 0 0 1 5.713-1.889c.057-.006.164-.007.272-.007 7.15 0 12.947 5.796 12.947 12.947 0 .108-.001.215-.004.322v-.016 503.482c.002.091.004.199.004.306 0 7.15-5.796 12.947-12.947 12.947-.108 0-.215-.001-.322-.004a6.925 6.925 0 0 1-5.665-1.895l.002.002c-98.273-48.542-164.673-148.065-164.673-263.098S501.743 50.434 598.306 2.657l1.709-.765z" fill="#712177" class="path3"></path> <path d="M938.824 283.919c1.893 0 1.893 1.893 3.786 1.893 1.765 2.012 2.841 4.666 2.841 7.571s-1.077 5.559-2.853 7.584l.011-.013-268.776 266.884c-2.012 1.765-4.666 2.841-7.571 2.841s-5.559-1.077-7.584-2.853a3.774 3.774 0 0 1-1.877-3.793l-.002.019c-7.681-21.529-12.12-46.363-12.12-72.235 0-61.263 24.891-116.712 65.111-156.786 39.326-39.792 93.895-64.431 154.219-64.431 26.857 0 52.573 4.884 76.309 13.812l-1.494-.493z" fill="#82BC00" class="path4"></path></g></g></svg></div></span>
    Nature's Promise Chicken Thighs Boneless Skinless
  </a></div> <!----> <!----></div> <div class="skeleton-loader_wrapper"><div class="product-grid-cell_sizes"><span class="product-grid-cell_size">
    APX 1.5 LB
  </span> <span aria-hidden="true">
    |
  </span> <!----> <span class="product-grid-cell_unit">
    $5.49 / LB
  </span></div> <!----></div> <!----> <!----> <!----> <!----> <!----> <!----> <!----></div> <div class="mobile-product-list-cell_bottom"><div class="mobile-product-list-cell_bottom_cart-ui-wrapper"><!----> <!----> <div class="pdl-add-to-cart"><div class="pdl-add-to-cart_button"><button aria-label="Add to cart" data-product-id="190247" data-price="8.24" class="button button--add-to-cart">
      Add to cart
      <!----></button> <!----> <!----> <!----></div> <!----></div></div> <!----></div></div></div> <div class="product-tile_action-items"><!----> <!----> <div class="shopping-list-menu_container"><div class="relative-el"><button aria-label="add to shopping list" class="button pdl-product-detail_top-icon button--fourth pdl-product-detail_top-icon--borderless"><!----> <div class="vector-icon-size--large"><svg xmlns="http://www.w3.org/2000/svg" aria-label="Shopping List Icon Add" viewBox="0 0 32 32" role="presentation" aria-hidden="true" focusable="false" class="vector-icon-color--dark-grey"><title lang="en">Shopping List Icon Add</title><desc></desc><g fill="" stroke=""><g><path d="M21.94066,15.3368884 L21.94066,12.8931995 C21.94066,12.3409148 22.3883752,11.8931995 22.94066,11.8931995 C23.4929447,11.8931995 23.94066,12.3409148 23.94066,12.8931995 L23.94066,15.3368884 L26.2522624,15.3368884 C26.8045471,15.3368884 27.2522624,15.7846037 27.2522624,16.3368884 C27.2522624,16.8891732 26.8045471,17.3368884 26.2522624,17.3368884 L23.94066,17.3368884 L23.94066,19.8787952 C23.94066,20.43108 23.4929447,20.8787952 22.94066,20.8787952 C22.3883752,20.8787952 21.94066,20.43108 21.94066,19.8787952 L21.94066,17.3368884 L19.2666667,17.3368884 C18.7143819,17.3368884 18.2666667,16.8891732 18.2666667,16.3368884 C18.2666667,15.7846037 18.7143819,15.3368884 19.2666667,15.3368884 L21.94066,15.3368884 Z M8,12 C7.44771525,12 7,11.5522847 7,11 C7,10.4477153 7.44771525,10 8,10 L19.1153581,10 C19.6676429,10 20.1153581,10.4477153 20.1153581,11 C20.1153581,11.5522847 19.6676429,12 19.1153581,12 L8,12 Z M8,17.3368884 C7.44771525,17.3368884 7,16.8891732 7,16.3368884 C7,15.7846037 7.44771525,15.3368884 8,15.3368884 L14.7200696,15.3368884 C15.2723543,15.3368884 15.7200696,15.7846037 15.7200696,16.3368884 C15.7200696,16.8891732 15.2723543,17.3368884 14.7200696,17.3368884 L8,17.3368884 Z M8,23 C7.44771525,23 7,22.5522847 7,22 C7,21.4477153 7.44771525,21 8,21 L19.1153581,21 C19.6676429,21 20.1153581,21.4477153 20.1153581,22 C20.1153581,22.5522847 19.6676429,23 19.1153581,23 L8,23 Z" fill="#000000" fill-rule="nonzero"></path></g></g></svg></div> <div class="pdl-product-detail_list-tooltip"><p>Add item to shopping list</p> <em></em></div></button></div></div></div> <!----></li> <!----><!----> <!----> <!----> <!----> <li tabindex="-1" data-product-id="22661" class="slot mobile-product-list-cell"><!----> <!----> <!----> <!----> <div class="mobile-product-list-cell_content"><div><!----> <div class="flag_outer-container"><!----> <!----> <!----> <!----></div></div> <div class="mobile-product-list-cell_left"><div><!----> <img src="https://i5.peapod.com/c/29/29J3B.png" alt="Annie's Macaroni &amp; Cheese Shells &amp; White Cheddar" skeleton-box-size="9rem" class="product-grid-image object-contain"></div></div> <div class="mobile-product-list-cell_info"><div class="product-tile_detail"><div class="skeleton-loader_wrapper cursor-pointer"><div class="product-grid-cell_price-container product-grid-cell_price-container--mobile"><span class="product-grid-cell_main-price"><!---->
    $2.69
  </span> <!----></div> <!----></div> <!----></div> <div class="mobile-product-list-cell_name-content"><div class="skeleton-loader_wrapper"><div class="product-grid-cell_name"><a id="product-name-22661-16760862580403393" href="#" data-opens-modal="true" aria-haspopup="dialog" class="product-grid-cell_name-text product-grid-cell_name-text--clamp-2"><!---->
    Annie's Macaroni &amp; Cheese Shells &amp; White Cheddar
  </a></div> <!----> <!----></div> <div class="skeleton-loader_wrapper"><div class="product-grid-cell_sizes"><span class="product-grid-cell_size">
    6 OZ BOX
  </span> <span aria-hidden="true">
    |
  </span> <!----> <span class="product-grid-cell_unit">
    $0.45 / OZ
  </span></div> <!----></div> <!----> <div id="coupon-link-22661-16760862580403393" tabindex="0" role="link" aria-label="Open coupon details" data-opens-modal="true" class="product-tile_coupon-offer product-tile_coupon-offer-clippable product-tile_coupon-offer--mobile multiple-lines" is-mobile="true"><div class="product-tile_coupon-offer-display"><div class="vector-icon-size--xsmall margin-right--half"><svg xmlns="http://www.w3.org/2000/svg" aria-label="PdlIconCouponScissor" viewBox="0 0 19 20" role="presentation" aria-hidden="true" focusable="false" class="vector-icon-stroke--coupon"><title lang="en">PdlIconCouponScissor</title><desc></desc><g fill="" stroke=""><path d="M9.622 9.622 6.444 6.444a3.19 3.19 0 1 1-4.51-4.51 3.19 3.19 0 0 1 4.51 4.51l3.178 3.178 7.688-7.688-7.688 7.688Zm0 0 7.688 7.688-7.688-7.688L6.444 12.8l3.178-3.178ZM1.934 12.8a3.19 3.19 0 1 1 4.51 4.51 3.19 3.19 0 0 1-4.51-4.51Z" stroke="#007DA3" stroke-width="2" fill="none" fill-rule="evenodd" stroke-linecap="round" stroke-linejoin="round"></path></g></svg></div> <div class="vector-icon_mobile-center"><!----></div> <div class="product-tile_coupon-offer-name flex-center product-tile_coupon-offer-name--full-tile text-left"><!---->
      SAVE 50¢ ON TWO
    </div></div> <!----> <div class="product-tile_coupon-offer-loading-coupon"><!----></div></div> <!----> <!----> <!----> <!----> <!----></div> <div class="mobile-product-list-cell_bottom"><div class="mobile-product-list-cell_bottom_cart-ui-wrapper"><!----> <!----> <div class="pdl-add-to-cart pdl-add-to-cart_coupon"><div class="pdl-add-to-cart_button"><button aria-label="Add to cart" data-product-id="22661" data-price="2.69" class="button button--add-to-cart">
      Add to cart
      <!----></button> <!----> <!----> <!----></div> <!----></div></div> <!----></div></div></div> <div class="product-tile_action-items"><!----> <!----> <div class="shopping-list-menu_container"><div class="relative-el"><button aria-label="add to shopping list" class="button pdl-product-detail_top-icon button--fourth pdl-product-detail_top-icon--borderless"><!----> <div class="vector-icon-size--large"><svg xmlns="http://www.w3.org/2000/svg" aria-label="Shopping List Icon Add" viewBox="0 0 32 32" role="presentation" aria-hidden="true" focusable="false" class="vector-icon-color--dark-grey"><title lang="en">Shopping List Icon Add</title><desc></desc><g fill="" stroke=""><g><path d="M21.94066,15.3368884 L21.94066,12.8931995 C21.94066,12.3409148 22.3883752,11.8931995 22.94066,11.8931995 C23.4929447,11.8931995 23.94066,12.3409148 23.94066,12.8931995 L23.94066,15.3368884 L26.2522624,15.3368884 C26.8045471,15.3368884 27.2522624,15.7846037 27.2522624,16.3368884 C27.2522624,16.8891732 26.8045471,17.3368884 26.2522624,17.3368884 L23.94066,17.3368884 L23.94066,19.8787952 C23.94066,20.43108 23.4929447,20.8787952 22.94066,20.8787952 C22.3883752,20.8787952 21.94066,20.43108 21.94066,19.8787952 L21.94066,17.3368884 L19.2666667,17.3368884 C18.7143819,17.3368884 18.2666667,16.8891732 18.2666667,16.3368884 C18.2666667,15.7846037 18.7143819,15.3368884 19.2666667,15.3368884 L21.94066,15.3368884 Z M8,12 C7.44771525,12 7,11.5522847 7,11 C7,10.4477153 7.44771525,10 8,10 L19.1153581,10 C19.6676429,10 20.1153581,10.4477153 20.1153581,11 C20.1153581,11.5522847 19.6676429,12 19.1153581,12 L8,12 Z M8,17.3368884 C7.44771525,17.3368884 7,16.8891732 7,16.3368884 C7,15.7846037 7.44771525,15.3368884 8,15.3368884 L14.7200696,15.3368884 C15.2723543,15.3368884 15.7200696,15.7846037 15.7200696,16.3368884 C15.7200696,16.8891732 15.2723543,17.3368884 14.7200696,17.3368884 L8,17.3368884 Z M8,23 C7.44771525,23 7,22.5522847 7,22 C7,21.4477153 7.44771525,21 8,21 L19.1153581,21 C19.6676429,21 20.1153581,21.4477153 20.1153581,22 C20.1153581,22.5522847 19.6676429,23 19.1153581,23 L8,23 Z" fill="#000000" fill-rule="nonzero"></path></g></g></svg></div> <div class="pdl-product-detail_list-tooltip"><p>Add item to shopping list</p> <em></em></div></button></div></div></div> <!----></li> <!----><!----> <!----> <!----> <!----> <li tabindex="-1" data-product-id="281121" class="slot mobile-product-list-cell"><!----> <!----> <!----> <!----> <div class="mobile-product-list-cell_content"><div><!----> <div class="flag_outer-container"><!----> <!----> <!----> <!----></div></div> <div class="mobile-product-list-cell_left"><div><!----> <img src="https://i5.peapod.com/c/KQ/KQ336.jpg" alt="Cuties Mandarins Organic" skeleton-box-size="9rem" class="product-grid-image object-contain"></div></div> <div class="mobile-product-list-cell_info"><div class="product-tile_detail"><div class="skeleton-loader_wrapper cursor-pointer"><div class="product-grid-cell_price-container product-grid-cell_price-container--mobile"><span class="product-grid-cell_main-price"><!---->
    $6.99
  </span> <!----></div> <!----></div> <!----></div> <div class="mobile-product-list-cell_name-content"><div class="skeleton-loader_wrapper"><div class="product-grid-cell_name"><a id="product-name-281121-16760862580436557" href="#" data-opens-modal="true" aria-haspopup="dialog" class="product-grid-cell_name-text product-grid-cell_name-text--clamp-2"><!---->
    Cuties Mandarins Organic
  </a></div> <!----> <!----></div> <div class="skeleton-loader_wrapper"><div class="product-grid-cell_sizes"><span class="product-grid-cell_size">
    2 LB BAG
  </span> <span aria-hidden="true">
    |
  </span> <!----> <span class="product-grid-cell_unit">
    $3.50 / LB
  </span></div> <!----></div> <!----> <!----> <!----> <!----> <!----> <!----> <!----></div> <div class="mobile-product-list-cell_bottom"><div class="mobile-product-list-cell_bottom_cart-ui-wrapper"><!----> <!----> <div class="pdl-add-to-cart"><div class="pdl-add-to-cart_button"><button aria-label="Add to cart" data-product-id="281121" data-price="6.99" class="button button--add-to-cart">
      Add to cart
      <!----></button> <!----> <!----> <!----></div> <!----></div></div> <!----></div></div></div> <div class="product-tile_action-items"><!----> <!----> <div class="shopping-list-menu_container"><div class="relative-el"><button aria-label="add to shopping list" class="button pdl-product-detail_top-icon button--fourth pdl-product-detail_top-icon--borderless"><!----> <div class="vector-icon-size--large"><svg xmlns="http://www.w3.org/2000/svg" aria-label="Shopping List Icon Add" viewBox="0 0 32 32" role="presentation" aria-hidden="true" focusable="false" class="vector-icon-color--dark-grey"><title lang="en">Shopping List Icon Add</title><desc></desc><g fill="" stroke=""><g><path d="M21.94066,15.3368884 L21.94066,12.8931995 C21.94066,12.3409148 22.3883752,11.8931995 22.94066,11.8931995 C23.4929447,11.8931995 23.94066,12.3409148 23.94066,12.8931995 L23.94066,15.3368884 L26.2522624,15.3368884 C26.8045471,15.3368884 27.2522624,15.7846037 27.2522624,16.3368884 C27.2522624,16.8891732 26.8045471,17.3368884 26.2522624,17.3368884 L23.94066,17.3368884 L23.94066,19.8787952 C23.94066,20.43108 23.4929447,20.8787952 22.94066,20.8787952 C22.3883752,20.8787952 21.94066,20.43108 21.94066,19.8787952 L21.94066,17.3368884 L19.2666667,17.3368884 C18.7143819,17.3368884 18.2666667,16.8891732 18.2666667,16.3368884 C18.2666667,15.7846037 18.7143819,15.3368884 19.2666667,15.3368884 L21.94066,15.3368884 Z M8,12 C7.44771525,12 7,11.5522847 7,11 C7,10.4477153 7.44771525,10 8,10 L19.1153581,10 C19.6676429,10 20.1153581,10.4477153 20.1153581,11 C20.1153581,11.5522847 19.6676429,12 19.1153581,12 L8,12 Z M8,17.3368884 C7.44771525,17.3368884 7,16.8891732 7,16.3368884 C7,15.7846037 7.44771525,15.3368884 8,15.3368884 L14.7200696,15.3368884 C15.2723543,15.3368884 15.7200696,15.7846037 15.7200696,16.3368884 C15.7200696,16.8891732 15.2723543,17.3368884 14.7200696,17.3368884 L8,17.3368884 Z M8,23 C7.44771525,23 7,22.5522847 7,22 C7,21.4477153 7.44771525,21 8,21 L19.1153581,21 C19.6676429,21 20.1153581,21.4477153 20.1153581,22 C20.1153581,22.5522847 19.6676429,23 19.1153581,23 L8,23 Z" fill="#000000" fill-rule="nonzero"></path></g></g></svg></div> <div class="pdl-product-detail_list-tooltip"><p>Add item to shopping list</p> <em></em></div></button></div></div></div> <!----></li> <!----><!----> <!----> <!----> <!----> <li tabindex="-1" data-product-id="122663" class="slot mobile-product-list-cell"><!----> <!----> <!----> <!----> <div class="mobile-product-list-cell_content"><div><!----> <div class="flag_outer-container"><div class=""><svg xmlns="http://www.w3.org/2000/svg" aria-label="Sale" viewBox="0 0 32 32" role="presentation" aria-hidden="true" focusable="false" class="w-20 ml-3"><title lang="en">Sale</title><desc></desc><g fill="" stroke=""><g><path d="M16.56 19.87a3.81 3.81 0 0 1-1-.13l-13.39-3.5a1.5 1.5 0 0 1-1.12-1.34l-.81-11a1.52 1.52 0 0 1 1.39-1.61l27.69-2h.11a1.51 1.51 0 0 1 1.5 1.4l.82 11a1.52 1.52 0 0 1-.91 1.5l-12.72 5.36a3.79 3.79 0 0 1-1.56.32Z" fill="#ed1256"></path><path fill="#fff" d="M29.43.48a1.26 1.26 0 0 1 1.26 1.17l.82 11a1.27 1.27 0 0 1-.76 1.26L18 19.34a3.72 3.72 0 0 1-1.47.3 3.79 3.79 0 0 1-.94-.12L2.24 16a1.27 1.27 0 0 1-1-1.13l-.81-11a1.26 1.26 0 0 1 1.22-1.33L29.34.48h.09m0-.48h-.13L1.62 2A1.76 1.76 0 0 0 0 3.92l.82 11a1.73 1.73 0 0 0 1.3 1.55L15.5 20a4.3 4.3 0 0 0 1.07.14 4.24 4.24 0 0 0 1.65-.34l12.72-5.44A1.76 1.76 0 0 0 32 12.59l-.82-11A1.76 1.76 0 0 0 29.43 0Z"></path><path fill="#fff" d="M3.74 9.87a3 3 0 0 0 .82.55 2.21 2.21 0 0 0 1.08.19 1.6 1.6 0 0 0 .29 0 1 1 0 0 0 .26-.12.58.58 0 0 0 .18-.2.62.62 0 0 0 0-.31.59.59 0 0 0-.32-.49 3.38 3.38 0 0 0-.85-.34L4.84 9a4.19 4.19 0 0 1-.69-.26 2.44 2.44 0 0 1-.63-.41 1.92 1.92 0 0 1-.7-1.42 2.68 2.68 0 0 1 .1-1A2.2 2.2 0 0 1 3.39 5a2.42 2.42 0 0 1 .82-.6 3.15 3.15 0 0 1 1.17-.28 3.68 3.68 0 0 1 1.72.24 3 3 0 0 1 .57.29A2.66 2.66 0 0 1 8 5l-.82 1.37a4.42 4.42 0 0 0-.82-.45 2 2 0 0 0-.85-.13 1.4 1.4 0 0 0-.28.06A.9.9 0 0 0 5 6a.62.62 0 0 0-.16.2.5.5 0 0 0 0 .28.6.6 0 0 0 .1.31.68.68 0 0 0 .24.2 1.27 1.27 0 0 0 .35.15l.43.13.35.09a7.49 7.49 0 0 1 .69.22 2.2 2.2 0 0 1 .72.42 2.46 2.46 0 0 1 .54.68 2.31 2.31 0 0 1 .27 1 2.15 2.15 0 0 1-.15 1 2.53 2.53 0 0 1-.56.84 2.77 2.77 0 0 1-.88.59 4 4 0 0 1-1.11.27A4.67 4.67 0 0 1 4 12.25a3.79 3.79 0 0 1-1.28-.75ZM11.29 3.89l2.17-.16 3.1 7.7-2 .15L14 10l-2.39.18-.35 1.67-2 .14Zm2.15 4.6-1-2.84-.61 2.95ZM17 3.47l1.89-.14.44 6 3.3-.25.16 1.92-5.19.39ZM23.36 3l5.13-.38.13 1.8-3.24.24.09 1.22 2.66-.2.12 1.7-2.65.2.09 1.35 3.46-.26.13 1.81-5.34.4Z"></path></g></g></svg></div> <!----> <!----> <!----></div></div> <div class="mobile-product-list-cell_left"><div><!----> <img src="https://i5.peapod.com/c/QR/QRLXM.png" alt="Perdue Chicken Breast Dino Nuggets Fresh" skeleton-box-size="9rem" class="product-grid-image object-contain"></div></div> <div class="mobile-product-list-cell_info"><div class="product-tile_detail"><div class="skeleton-loader_wrapper cursor-pointer"><div class="product-grid-cell_price-container product-grid-cell_price-container_column product-grid-cell_price-container--mobile"><span class="product-grid-cell_main-price product-grid-cell_main-price--on-sale"><span class="sr-only">
      Sale Price
    </span>
    $2.50
  </span> <div class="product-grid-cell_was-container"><span class="product-grid-cell_regular-price product-grid-cell_regular-price--small"><span class="sr-only">
        Original Price
      </span>
      $3.99
    </span></div></div> <!----></div> <!----></div> <div class="mobile-product-list-cell_name-content"><div class="skeleton-loader_wrapper"><div class="product-grid-cell_name"><a id="product-name-122663-16760862580454686" href="#" data-opens-modal="true" aria-haspopup="dialog" class="product-grid-cell_name-text product-grid-cell_name-text--clamp-2"><!---->
    Perdue Chicken Breast Dino Nuggets Fresh
  </a></div> <!----> <!----></div> <div class="skeleton-loader_wrapper"><div class="product-grid-cell_sizes"><span class="product-grid-cell_size">
    12 OZ PKG
  </span> <span aria-hidden="true">
    |
  </span> <!----> <span class="product-grid-cell_unit">
    $3.33 / LB
  </span></div> <!----></div> <!----> <!----> <!----> <!----> <!----> <!----> <!----></div> <div class="mobile-product-list-cell_bottom"><div class="mobile-product-list-cell_bottom_cart-ui-wrapper"><!----> <!----> <div class="pdl-add-to-cart"><div class="pdl-add-to-cart_button"><button aria-label="Add to cart" data-product-id="122663" data-price="2.5" class="button button--add-to-cart add-sale">
      Add to cart
      <!----></button> <!----> <!----> <!----></div> <!----></div></div> <!----></div></div></div> <div class="product-tile_action-items"><!----> <!----> <div class="shopping-list-menu_container"><div class="relative-el"><button aria-label="add to shopping list" class="button pdl-product-detail_top-icon button--fourth pdl-product-detail_top-icon--borderless"><!----> <div class="vector-icon-size--large"><svg xmlns="http://www.w3.org/2000/svg" aria-label="Shopping List Icon Add" viewBox="0 0 32 32" role="presentation" aria-hidden="true" focusable="false" class="vector-icon-color--dark-grey"><title lang="en">Shopping List Icon Add</title><desc></desc><g fill="" stroke=""><g><path d="M21.94066,15.3368884 L21.94066,12.8931995 C21.94066,12.3409148 22.3883752,11.8931995 22.94066,11.8931995 C23.4929447,11.8931995 23.94066,12.3409148 23.94066,12.8931995 L23.94066,15.3368884 L26.2522624,15.3368884 C26.8045471,15.3368884 27.2522624,15.7846037 27.2522624,16.3368884 C27.2522624,16.8891732 26.8045471,17.3368884 26.2522624,17.3368884 L23.94066,17.3368884 L23.94066,19.8787952 C23.94066,20.43108 23.4929447,20.8787952 22.94066,20.8787952 C22.3883752,20.8787952 21.94066,20.43108 21.94066,19.8787952 L21.94066,17.3368884 L19.2666667,17.3368884 C18.7143819,17.3368884 18.2666667,16.8891732 18.2666667,16.3368884 C18.2666667,15.7846037 18.7143819,15.3368884 19.2666667,15.3368884 L21.94066,15.3368884 Z M8,12 C7.44771525,12 7,11.5522847 7,11 C7,10.4477153 7.44771525,10 8,10 L19.1153581,10 C19.6676429,10 20.1153581,10.4477153 20.1153581,11 C20.1153581,11.5522847 19.6676429,12 19.1153581,12 L8,12 Z M8,17.3368884 C7.44771525,17.3368884 7,16.8891732 7,16.3368884 C7,15.7846037 7.44771525,15.3368884 8,15.3368884 L14.7200696,15.3368884 C15.2723543,15.3368884 15.7200696,15.7846037 15.7200696,16.3368884 C15.7200696,16.8891732 15.2723543,17.3368884 14.7200696,17.3368884 L8,17.3368884 Z M8,23 C7.44771525,23 7,22.5522847 7,22 C7,21.4477153 7.44771525,21 8,21 L19.1153581,21 C19.6676429,21 20.1153581,21.4477153 20.1153581,22 C20.1153581,22.5522847 19.6676429,23 19.1153581,23 L8,23 Z" fill="#000000" fill-rule="nonzero"></path></g></g></svg></div> <div class="pdl-product-detail_list-tooltip"><p>Add item to shopping list</p> <em></em></div></button></div></div></div> <!----></li> <!----><!----> <!----> <!----> <!----> <li tabindex="-1" data-product-id="279140" class="slot mobile-product-list-cell"><!----> <!----> <!----> <!----> <div class="mobile-product-list-cell_content"><div><!----> <div class="flag_outer-container"><!----> <!----> <!----> <!----></div></div> <div class="mobile-product-list-cell_left"><div><!----> <img src="https://i5.peapod.com/c/PD/PD1EM.png" alt="Stop &amp; Shop USDA Choice Beef Stew Meat Boneless Chuck Fresh" skeleton-box-size="9rem" class="product-grid-image object-contain"></div></div> <div class="mobile-product-list-cell_info"><div class="product-tile_detail"><div class="skeleton-loader_wrapper cursor-pointer"><div class="product-grid-cell_price-container product-grid-cell_price-container--mobile"><span class="product-grid-cell_main-price"><!---->
    $8.31
  </span> <!----></div> <!----></div> <!----></div> <div class="mobile-product-list-cell_name-content"><div class="skeleton-loader_wrapper"><div class="product-grid-cell_name"><a id="product-name-279140-16760862580488647" href="#" data-opens-modal="true" aria-haspopup="dialog" class="product-grid-cell_name-text product-grid-cell_name-text--clamp-2"><span class="vector-icon_inline-text--left mr-0"><div class="vector-icon-size--xsmall"><svg xmlns="http://www.w3.org/2000/svg" aria-label="Ahold Icon" viewBox="0 0 1024 945" role="presentation" aria-hidden="true" focusable="false" class=""><title lang="en">Ahold Icon</title><desc></desc><g fill="" stroke=""><g><path d="M1.893 730.617c-1.289-2.094-2.052-4.631-2.052-7.346 0-.747.058-1.481.169-2.197.158-12.396 10.227-22.466 22.687-22.634h895.306c12.476.168 22.545 10.237 22.713 22.698-.521 3.721-1.182 6.924-2.024 10.053l.131-.574c-86.363 175.072-263.598 293.385-468.466 293.385S88.254 905.689 3.252 733.663l-1.361-3.046z" fill="#F7A800" class="path1"></path> <path d="M107.889 132.495c1.893-1.893 1.893-3.786 3.786-5.678 2.98-3.491 7.385-5.69 12.303-5.69s9.323 2.199 12.284 5.668l.019.022L613.264 603.8c3.491 2.98 5.69 7.385 5.69 12.303s-2.199 9.323-5.668 12.284c-1.399 1.869-3.361 3.216-5.631 3.789l-.069.015c-38.446 13.732-82.796 21.669-129.001 21.669-108.416 0-206.626-43.699-277.977-114.443C130.241 467.591 86.799 369.1 86.799 260.462c0-45.803 7.722-89.803 21.936-130.767l-.845 2.8z" fill="#E2231A" class="path2"></path> <path d="M600.015 1.893a6.922 6.922 0 0 1 5.713-1.889c.057-.006.164-.007.272-.007 7.15 0 12.947 5.796 12.947 12.947 0 .108-.001.215-.004.322v-.016 503.482c.002.091.004.199.004.306 0 7.15-5.796 12.947-12.947 12.947-.108 0-.215-.001-.322-.004a6.925 6.925 0 0 1-5.665-1.895l.002.002c-98.273-48.542-164.673-148.065-164.673-263.098S501.743 50.434 598.306 2.657l1.709-.765z" fill="#712177" class="path3"></path> <path d="M938.824 283.919c1.893 0 1.893 1.893 3.786 1.893 1.765 2.012 2.841 4.666 2.841 7.571s-1.077 5.559-2.853 7.584l.011-.013-268.776 266.884c-2.012 1.765-4.666 2.841-7.571 2.841s-5.559-1.077-7.584-2.853a3.774 3.774 0 0 1-1.877-3.793l-.002.019c-7.681-21.529-12.12-46.363-12.12-72.235 0-61.263 24.891-116.712 65.111-156.786 39.326-39.792 93.895-64.431 154.219-64.431 26.857 0 52.573 4.884 76.309 13.812l-1.494-.493z" fill="#82BC00" class="path4"></path></g></g></svg></div></span>
    Stop &amp; Shop USDA Choice Beef Stew Meat Boneless Chuck Fresh
  </a></div> <!----> <!----></div> <div class="skeleton-loader_wrapper"><div class="product-grid-cell_sizes"><span class="product-grid-cell_size">
    APX 1.1 LB
  </span> <span aria-hidden="true">
    |
  </span> <!----> <span class="product-grid-cell_unit">
    $7.49 / LB
  </span></div> <!----></div> <!----> <!----> <!----> <!----> <!----> <!----> <!----></div> <div class="mobile-product-list-cell_bottom"><div class="mobile-product-list-cell_bottom_cart-ui-wrapper"><!----> <!----> <div class="pdl-add-to-cart"><div class="pdl-add-to-cart_button"><button aria-label="Add to cart" data-product-id="279140" data-price="8.31" class="button button--add-to-cart">
      Add to cart
      <!----></button> <!----> <!----> <!----></div> <!----></div></div> <!----></div></div></div> <div class="product-tile_action-items"><!----> <!----> <div class="shopping-list-menu_container"><div class="relative-el"><button aria-label="add to shopping list" class="button pdl-product-detail_top-icon button--fourth pdl-product-detail_top-icon--borderless"><!----> <div class="vector-icon-size--large"><svg xmlns="http://www.w3.org/2000/svg" aria-label="Shopping List Icon Add" viewBox="0 0 32 32" role="presentation" aria-hidden="true" focusable="false" class="vector-icon-color--dark-grey"><title lang="en">Shopping List Icon Add</title><desc></desc><g fill="" stroke=""><g><path d="M21.94066,15.3368884 L21.94066,12.8931995 C21.94066,12.3409148 22.3883752,11.8931995 22.94066,11.8931995 C23.4929447,11.8931995 23.94066,12.3409148 23.94066,12.8931995 L23.94066,15.3368884 L26.2522624,15.3368884 C26.8045471,15.3368884 27.2522624,15.7846037 27.2522624,16.3368884 C27.2522624,16.8891732 26.8045471,17.3368884 26.2522624,17.3368884 L23.94066,17.3368884 L23.94066,19.8787952 C23.94066,20.43108 23.4929447,20.8787952 22.94066,20.8787952 C22.3883752,20.8787952 21.94066,20.43108 21.94066,19.8787952 L21.94066,17.3368884 L19.2666667,17.3368884 C18.7143819,17.3368884 18.2666667,16.8891732 18.2666667,16.3368884 C18.2666667,15.7846037 18.7143819,15.3368884 19.2666667,15.3368884 L21.94066,15.3368884 Z M8,12 C7.44771525,12 7,11.5522847 7,11 C7,10.4477153 7.44771525,10 8,10 L19.1153581,10 C19.6676429,10 20.1153581,10.4477153 20.1153581,11 C20.1153581,11.5522847 19.6676429,12 19.1153581,12 L8,12 Z M8,17.3368884 C7.44771525,17.3368884 7,16.8891732 7,16.3368884 C7,15.7846037 7.44771525,15.3368884 8,15.3368884 L14.7200696,15.3368884 C15.2723543,15.3368884 15.7200696,15.7846037 15.7200696,16.3368884 C15.7200696,16.8891732 15.2723543,17.3368884 14.7200696,17.3368884 L8,17.3368884 Z M8,23 C7.44771525,23 7,22.5522847 7,22 C7,21.4477153 7.44771525,21 8,21 L19.1153581,21 C19.6676429,21 20.1153581,21.4477153 20.1153581,22 C20.1153581,22.5522847 19.6676429,23 19.1153581,23 L8,23 Z" fill="#000000" fill-rule="nonzero"></path></g></g></svg></div> <div class="pdl-product-detail_list-tooltip"><p>Add item to shopping list</p> <em></em></div></button></div></div></div> <!----></li> <!----><!----> <!----> <!----> <!----> <li tabindex="-1" data-product-id="118608" class="slot mobile-product-list-cell"><!----> <!----> <!----> <!----> <div class="mobile-product-list-cell_content"><div><!----> <div class="flag_outer-container"><!----> <!----> <!----> <!----></div></div> <div class="mobile-product-list-cell_left"><div><!----> <img src="https://i5.peapod.com/c/R3/R35MU.jpg" alt="Kiwi" skeleton-box-size="9rem" class="product-grid-image object-contain"></div></div> <div class="mobile-product-list-cell_info"><div class="product-tile_detail"><div class="skeleton-loader_wrapper cursor-pointer"><div class="product-grid-cell_price-container product-grid-cell_price-container--mobile"><span class="product-grid-cell_main-price"><!---->
    $0.69
  </span> <!----></div> <!----></div> <!----></div> <div class="mobile-product-list-cell_name-content"><div class="skeleton-loader_wrapper"><div class="product-grid-cell_name"><a id="product-name-118608-16760862580539473" href="#" data-opens-modal="true" aria-haspopup="dialog" class="product-grid-cell_name-text product-grid-cell_name-text--clamp-2"><!---->
    Kiwi
  </a></div> <!----> <!----></div> <div class="skeleton-loader_wrapper"><div class="product-grid-cell_sizes"><span class="product-grid-cell_size">
    1 EA
  </span> <span aria-hidden="true">
    |
  </span> <!----> <span class="product-grid-cell_unit">
    $0.69 / EA
  </span></div> <!----></div> <!----> <!----> <!----> <!----> <!----> <!----> <!----></div> <div class="mobile-product-list-cell_bottom"><div class="mobile-product-list-cell_bottom_cart-ui-wrapper"><!----> <!----> <div class="pdl-add-to-cart"><div class="pdl-add-to-cart_button"><button aria-label="Add to cart" data-product-id="118608" data-price="0.69" class="button button--add-to-cart">
      Add to cart
      <!----></button> <!----> <!----> <!----></div> <!----></div></div> <!----></div></div></div> <div class="product-tile_action-items"><!----> <!----> <div class="shopping-list-menu_container"><div class="relative-el"><button aria-label="add to shopping list" class="button pdl-product-detail_top-icon button--fourth pdl-product-detail_top-icon--borderless"><!----> <div class="vector-icon-size--large"><svg xmlns="http://www.w3.org/2000/svg" aria-label="Shopping List Icon Add" viewBox="0 0 32 32" role="presentation" aria-hidden="true" focusable="false" class="vector-icon-color--dark-grey"><title lang="en">Shopping List Icon Add</title><desc></desc><g fill="" stroke=""><g><path d="M21.94066,15.3368884 L21.94066,12.8931995 C21.94066,12.3409148 22.3883752,11.8931995 22.94066,11.8931995 C23.4929447,11.8931995 23.94066,12.3409148 23.94066,12.8931995 L23.94066,15.3368884 L26.2522624,15.3368884 C26.8045471,15.3368884 27.2522624,15.7846037 27.2522624,16.3368884 C27.2522624,16.8891732 26.8045471,17.3368884 26.2522624,17.3368884 L23.94066,17.3368884 L23.94066,19.8787952 C23.94066,20.43108 23.4929447,20.8787952 22.94066,20.8787952 C22.3883752,20.8787952 21.94066,20.43108 21.94066,19.8787952 L21.94066,17.3368884 L19.2666667,17.3368884 C18.7143819,17.3368884 18.2666667,16.8891732 18.2666667,16.3368884 C18.2666667,15.7846037 18.7143819,15.3368884 19.2666667,15.3368884 L21.94066,15.3368884 Z M8,12 C7.44771525,12 7,11.5522847 7,11 C7,10.4477153 7.44771525,10 8,10 L19.1153581,10 C19.6676429,10 20.1153581,10.4477153 20.1153581,11 C20.1153581,11.5522847 19.6676429,12 19.1153581,12 L8,12 Z M8,17.3368884 C7.44771525,17.3368884 7,16.8891732 7,16.3368884 C7,15.7846037 7.44771525,15.3368884 8,15.3368884 L14.7200696,15.3368884 C15.2723543,15.3368884 15.7200696,15.7846037 15.7200696,16.3368884 C15.7200696,16.8891732 15.2723543,17.3368884 14.7200696,17.3368884 L8,17.3368884 Z M8,23 C7.44771525,23 7,22.5522847 7,22 C7,21.4477153 7.44771525,21 8,21 L19.1153581,21 C19.6676429,21 20.1153581,21.4477153 20.1153581,22 C20.1153581,22.5522847 19.6676429,23 19.1153581,23 L8,23 Z" fill="#000000" fill-rule="nonzero"></path></g></g></svg></div> <div class="pdl-product-detail_list-tooltip"><p>Add item to shopping list</p> <em></em></div></button></div></div></div> <!----></li> <!----><!----> <!----> <!----> <!----> <li tabindex="-1" data-product-id="106848" class="slot mobile-product-list-cell"><!----> <!----> <!----> <!----> <div class="mobile-product-list-cell_content"><div><!----> <div class="flag_outer-container"><!----> <!----> <!----> <!----></div></div> <div class="mobile-product-list-cell_left"><div><!----> <img src="https://i5.peapod.com/c/WH/WHJT7.jpg" alt="Stop &amp; Shop Deli Turkey Breast Cured Maple Syrup &amp; Honey (Thin Sliced)" skeleton-box-size="9rem" class="product-grid-image object-contain"></div></div> <div class="mobile-product-list-cell_info"><div class="product-tile_detail"><div class="skeleton-loader_wrapper cursor-pointer"><div class="product-grid-cell_price-container product-grid-cell_price-container--mobile"><span class="product-grid-cell_main-price"><!---->
    $5.50
  </span> <!----></div> <!----></div> <!----></div> <div class="mobile-product-list-cell_name-content"><div class="skeleton-loader_wrapper"><div class="product-grid-cell_name"><a id="product-name-106848-16760862580555591" href="#" data-opens-modal="true" aria-haspopup="dialog" class="product-grid-cell_name-text product-grid-cell_name-text--clamp-2"><span class="vector-icon_inline-text--left mr-0"><div class="vector-icon-size--xsmall"><svg xmlns="http://www.w3.org/2000/svg" aria-label="Ahold Icon" viewBox="0 0 1024 945" role="presentation" aria-hidden="true" focusable="false" class=""><title lang="en">Ahold Icon</title><desc></desc><g fill="" stroke=""><g><path d="M1.893 730.617c-1.289-2.094-2.052-4.631-2.052-7.346 0-.747.058-1.481.169-2.197.158-12.396 10.227-22.466 22.687-22.634h895.306c12.476.168 22.545 10.237 22.713 22.698-.521 3.721-1.182 6.924-2.024 10.053l.131-.574c-86.363 175.072-263.598 293.385-468.466 293.385S88.254 905.689 3.252 733.663l-1.361-3.046z" fill="#F7A800" class="path1"></path> <path d="M107.889 132.495c1.893-1.893 1.893-3.786 3.786-5.678 2.98-3.491 7.385-5.69 12.303-5.69s9.323 2.199 12.284 5.668l.019.022L613.264 603.8c3.491 2.98 5.69 7.385 5.69 12.303s-2.199 9.323-5.668 12.284c-1.399 1.869-3.361 3.216-5.631 3.789l-.069.015c-38.446 13.732-82.796 21.669-129.001 21.669-108.416 0-206.626-43.699-277.977-114.443C130.241 467.591 86.799 369.1 86.799 260.462c0-45.803 7.722-89.803 21.936-130.767l-.845 2.8z" fill="#E2231A" class="path2"></path> <path d="M600.015 1.893a6.922 6.922 0 0 1 5.713-1.889c.057-.006.164-.007.272-.007 7.15 0 12.947 5.796 12.947 12.947 0 .108-.001.215-.004.322v-.016 503.482c.002.091.004.199.004.306 0 7.15-5.796 12.947-12.947 12.947-.108 0-.215-.001-.322-.004a6.925 6.925 0 0 1-5.665-1.895l.002.002c-98.273-48.542-164.673-148.065-164.673-263.098S501.743 50.434 598.306 2.657l1.709-.765z" fill="#712177" class="path3"></path> <path d="M938.824 283.919c1.893 0 1.893 1.893 3.786 1.893 1.765 2.012 2.841 4.666 2.841 7.571s-1.077 5.559-2.853 7.584l.011-.013-268.776 266.884c-2.012 1.765-4.666 2.841-7.571 2.841s-5.559-1.077-7.584-2.853a3.774 3.774 0 0 1-1.877-3.793l-.002.019c-7.681-21.529-12.12-46.363-12.12-72.235 0-61.263 24.891-116.712 65.111-156.786 39.326-39.792 93.895-64.431 154.219-64.431 26.857 0 52.573 4.884 76.309 13.812l-1.494-.493z" fill="#82BC00" class="path4"></path></g></g></svg></div></span>
    Stop &amp; Shop Deli Turkey Breast Cured Maple Syrup &amp; Honey (Thin Sliced)
  </a></div> <!----> <!----></div> <div class="skeleton-loader_wrapper"><div class="product-grid-cell_sizes"><span class="product-grid-cell_size">
    APX 1/2 LB
  </span> <span aria-hidden="true">
    |
  </span> <!----> <span class="product-grid-cell_unit">
    $10.99 / LB
  </span></div> <!----></div> <!----> <!----> <!----> <!----> <!----> <!----> <!----></div> <div class="mobile-product-list-cell_bottom"><div class="mobile-product-list-cell_bottom_cart-ui-wrapper"><!----> <!----> <div class="pdl-add-to-cart"><div class="pdl-add-to-cart_button"><button aria-label="Add to cart" data-product-id="106848" data-price="5.5" class="button button--add-to-cart">
      Add to cart
      <!----></button> <!----> <!----> <!----></div> <!----></div></div> <!----></div></div></div> <div class="product-tile_action-items"><!----> <!----> <div class="shopping-list-menu_container"><div class="relative-el"><button aria-label="add to shopping list" class="button pdl-product-detail_top-icon button--fourth pdl-product-detail_top-icon--borderless"><!----> <div class="vector-icon-size--large"><svg xmlns="http://www.w3.org/2000/svg" aria-label="Shopping List Icon Add" viewBox="0 0 32 32" role="presentation" aria-hidden="true" focusable="false" class="vector-icon-color--dark-grey"><title lang="en">Shopping List Icon Add</title><desc></desc><g fill="" stroke=""><g><path d="M21.94066,15.3368884 L21.94066,12.8931995 C21.94066,12.3409148 22.3883752,11.8931995 22.94066,11.8931995 C23.4929447,11.8931995 23.94066,12.3409148 23.94066,12.8931995 L23.94066,15.3368884 L26.2522624,15.3368884 C26.8045471,15.3368884 27.2522624,15.7846037 27.2522624,16.3368884 C27.2522624,16.8891732 26.8045471,17.3368884 26.2522624,17.3368884 L23.94066,17.3368884 L23.94066,19.8787952 C23.94066,20.43108 23.4929447,20.8787952 22.94066,20.8787952 C22.3883752,20.8787952 21.94066,20.43108 21.94066,19.8787952 L21.94066,17.3368884 L19.2666667,17.3368884 C18.7143819,17.3368884 18.2666667,16.8891732 18.2666667,16.3368884 C18.2666667,15.7846037 18.7143819,15.3368884 19.2666667,15.3368884 L21.94066,15.3368884 Z M8,12 C7.44771525,12 7,11.5522847 7,11 C7,10.4477153 7.44771525,10 8,10 L19.1153581,10 C19.6676429,10 20.1153581,10.4477153 20.1153581,11 C20.1153581,11.5522847 19.6676429,12 19.1153581,12 L8,12 Z M8,17.3368884 C7.44771525,17.3368884 7,16.8891732 7,16.3368884 C7,15.7846037 7.44771525,15.3368884 8,15.3368884 L14.7200696,15.3368884 C15.2723543,15.3368884 15.7200696,15.7846037 15.7200696,16.3368884 C15.7200696,16.8891732 15.2723543,17.3368884 14.7200696,17.3368884 L8,17.3368884 Z M8,23 C7.44771525,23 7,22.5522847 7,22 C7,21.4477153 7.44771525,21 8,21 L19.1153581,21 C19.6676429,21 20.1153581,21.4477153 20.1153581,22 C20.1153581,22.5522847 19.6676429,23 19.1153581,23 L8,23 Z" fill="#000000" fill-rule="nonzero"></path></g></g></svg></div> <div class="pdl-product-detail_list-tooltip"><p>Add item to shopping list</p> <em></em></div></button></div></div></div> <!----></li> <!----><!----> <!----> <!----> <!----> <li tabindex="-1" data-product-id="6739" class="slot mobile-product-list-cell"><!----> <!----> <!----> <!----> <div class="mobile-product-list-cell_content"><div><!----> <div class="flag_outer-container"><div class=""><svg xmlns="http://www.w3.org/2000/svg" aria-label="Sale" viewBox="0 0 32 32" role="presentation" aria-hidden="true" focusable="false" class="w-20 ml-3"><title lang="en">Sale</title><desc></desc><g fill="" stroke=""><g><path d="M16.56 19.87a3.81 3.81 0 0 1-1-.13l-13.39-3.5a1.5 1.5 0 0 1-1.12-1.34l-.81-11a1.52 1.52 0 0 1 1.39-1.61l27.69-2h.11a1.51 1.51 0 0 1 1.5 1.4l.82 11a1.52 1.52 0 0 1-.91 1.5l-12.72 5.36a3.79 3.79 0 0 1-1.56.32Z" fill="#ed1256"></path><path fill="#fff" d="M29.43.48a1.26 1.26 0 0 1 1.26 1.17l.82 11a1.27 1.27 0 0 1-.76 1.26L18 19.34a3.72 3.72 0 0 1-1.47.3 3.79 3.79 0 0 1-.94-.12L2.24 16a1.27 1.27 0 0 1-1-1.13l-.81-11a1.26 1.26 0 0 1 1.22-1.33L29.34.48h.09m0-.48h-.13L1.62 2A1.76 1.76 0 0 0 0 3.92l.82 11a1.73 1.73 0 0 0 1.3 1.55L15.5 20a4.3 4.3 0 0 0 1.07.14 4.24 4.24 0 0 0 1.65-.34l12.72-5.44A1.76 1.76 0 0 0 32 12.59l-.82-11A1.76 1.76 0 0 0 29.43 0Z"></path><path fill="#fff" d="M3.74 9.87a3 3 0 0 0 .82.55 2.21 2.21 0 0 0 1.08.19 1.6 1.6 0 0 0 .29 0 1 1 0 0 0 .26-.12.58.58 0 0 0 .18-.2.62.62 0 0 0 0-.31.59.59 0 0 0-.32-.49 3.38 3.38 0 0 0-.85-.34L4.84 9a4.19 4.19 0 0 1-.69-.26 2.44 2.44 0 0 1-.63-.41 1.92 1.92 0 0 1-.7-1.42 2.68 2.68 0 0 1 .1-1A2.2 2.2 0 0 1 3.39 5a2.42 2.42 0 0 1 .82-.6 3.15 3.15 0 0 1 1.17-.28 3.68 3.68 0 0 1 1.72.24 3 3 0 0 1 .57.29A2.66 2.66 0 0 1 8 5l-.82 1.37a4.42 4.42 0 0 0-.82-.45 2 2 0 0 0-.85-.13 1.4 1.4 0 0 0-.28.06A.9.9 0 0 0 5 6a.62.62 0 0 0-.16.2.5.5 0 0 0 0 .28.6.6 0 0 0 .1.31.68.68 0 0 0 .24.2 1.27 1.27 0 0 0 .35.15l.43.13.35.09a7.49 7.49 0 0 1 .69.22 2.2 2.2 0 0 1 .72.42 2.46 2.46 0 0 1 .54.68 2.31 2.31 0 0 1 .27 1 2.15 2.15 0 0 1-.15 1 2.53 2.53 0 0 1-.56.84 2.77 2.77 0 0 1-.88.59 4 4 0 0 1-1.11.27A4.67 4.67 0 0 1 4 12.25a3.79 3.79 0 0 1-1.28-.75ZM11.29 3.89l2.17-.16 3.1 7.7-2 .15L14 10l-2.39.18-.35 1.67-2 .14Zm2.15 4.6-1-2.84-.61 2.95ZM17 3.47l1.89-.14.44 6 3.3-.25.16 1.92-5.19.39ZM23.36 3l5.13-.38.13 1.8-3.24.24.09 1.22 2.66-.2.12 1.7-2.65.2.09 1.35 3.46-.26.13 1.81-5.34.4Z"></path></g></g></svg></div> <!----> <!----> <!----></div></div> <div class="mobile-product-list-cell_left"><div><!----> <img src="https://i5.peapod.com/c/XM/XMEHK.png" alt="Hellmann's Real Mayonnaise" skeleton-box-size="9rem" class="product-grid-image object-contain"></div></div> <div class="mobile-product-list-cell_info"><div class="product-tile_detail"><div class="skeleton-loader_wrapper cursor-pointer"><div class="product-grid-cell_price-container product-grid-cell_price-container_column product-grid-cell_price-container--mobile"><span class="product-grid-cell_main-price product-grid-cell_main-price--on-sale"><span class="sr-only">
      Sale Price
    </span>
    $4.99
  </span> <div class="product-grid-cell_was-container"><span class="product-grid-cell_regular-price product-grid-cell_regular-price--small"><span class="sr-only">
        Original Price
      </span>
      $6.79
    </span></div></div> <!----></div> <!----></div> <div class="mobile-product-list-cell_name-content"><div class="skeleton-loader_wrapper"><div class="product-grid-cell_name"><a id="product-name-6739-16760862580589908" href="#" data-opens-modal="true" aria-haspopup="dialog" class="product-grid-cell_name-text product-grid-cell_name-text--clamp-2"><!---->
    Hellmann's Real Mayonnaise
  </a></div> <!----> <!----></div> <div class="skeleton-loader_wrapper"><div class="product-grid-cell_sizes"><span class="product-grid-cell_size">
    30 OZ JAR
  </span> <span aria-hidden="true">
    |
  </span> <!----> <span class="product-grid-cell_unit">
    $0.17 / OZ
  </span></div> <!----></div> <!----> <div id="coupon-link-6739-16760862580589908" tabindex="0" role="link" aria-label="Open coupon details" data-opens-modal="true" class="product-tile_coupon-offer product-tile_coupon-offer-clippable product-tile_coupon-offer--mobile" is-mobile="true"><div class="product-tile_coupon-offer-display"><div class="vector-icon-size--xsmall margin-right--half"><svg xmlns="http://www.w3.org/2000/svg" aria-label="PdlIconCouponScissor" viewBox="0 0 19 20" role="presentation" aria-hidden="true" focusable="false" class="vector-icon-stroke--coupon"><title lang="en">PdlIconCouponScissor</title><desc></desc><g fill="" stroke=""><path d="M9.622 9.622 6.444 6.444a3.19 3.19 0 1 1-4.51-4.51 3.19 3.19 0 0 1 4.51 4.51l3.178 3.178 7.688-7.688-7.688 7.688Zm0 0 7.688 7.688-7.688-7.688L6.444 12.8l3.178-3.178ZM1.934 12.8a3.19 3.19 0 1 1 4.51 4.51 3.19 3.19 0 0 1-4.51-4.51Z" stroke="#007DA3" stroke-width="2" fill="none" fill-rule="evenodd" stroke-linecap="round" stroke-linejoin="round"></path></g></svg></div> <div class="vector-icon_mobile-center"><!----></div> <div class="product-tile_coupon-offer-name flex-center product-tile_coupon-offer-name--full-tile"><!---->
      SAVE $1.00
    </div></div> <!----> <div class="product-tile_coupon-offer-loading-coupon"><!----></div></div> <!----> <!----> <!----> <!----> <!----></div> <div class="mobile-product-list-cell_bottom"><div class="mobile-product-list-cell_bottom_cart-ui-wrapper"><!----> <!----> <div class="pdl-add-to-cart pdl-add-to-cart_coupon"><div class="pdl-add-to-cart_button"><button aria-label="Add to cart" data-product-id="6739" data-price="4.99" class="button button--add-to-cart add-sale">
      Add to cart
      <!----></button> <!----> <!----> <!----></div> <!----></div></div> <!----></div></div></div> <div class="product-tile_action-items"><!----> <!----> <div class="shopping-list-menu_container"><div class="relative-el"><button aria-label="add to shopping list" class="button pdl-product-detail_top-icon button--fourth pdl-product-detail_top-icon--borderless"><!----> <div class="vector-icon-size--large"><svg xmlns="http://www.w3.org/2000/svg" aria-label="Shopping List Icon Add" viewBox="0 0 32 32" role="presentation" aria-hidden="true" focusable="false" class="vector-icon-color--dark-grey"><title lang="en">Shopping List Icon Add</title><desc></desc><g fill="" stroke=""><g><path d="M21.94066,15.3368884 L21.94066,12.8931995 C21.94066,12.3409148 22.3883752,11.8931995 22.94066,11.8931995 C23.4929447,11.8931995 23.94066,12.3409148 23.94066,12.8931995 L23.94066,15.3368884 L26.2522624,15.3368884 C26.8045471,15.3368884 27.2522624,15.7846037 27.2522624,16.3368884 C27.2522624,16.8891732 26.8045471,17.3368884 26.2522624,17.3368884 L23.94066,17.3368884 L23.94066,19.8787952 C23.94066,20.43108 23.4929447,20.8787952 22.94066,20.8787952 C22.3883752,20.8787952 21.94066,20.43108 21.94066,19.8787952 L21.94066,17.3368884 L19.2666667,17.3368884 C18.7143819,17.3368884 18.2666667,16.8891732 18.2666667,16.3368884 C18.2666667,15.7846037 18.7143819,15.3368884 19.2666667,15.3368884 L21.94066,15.3368884 Z M8,12 C7.44771525,12 7,11.5522847 7,11 C7,10.4477153 7.44771525,10 8,10 L19.1153581,10 C19.6676429,10 20.1153581,10.4477153 20.1153581,11 C20.1153581,11.5522847 19.6676429,12 19.1153581,12 L8,12 Z M8,17.3368884 C7.44771525,17.3368884 7,16.8891732 7,16.3368884 C7,15.7846037 7.44771525,15.3368884 8,15.3368884 L14.7200696,15.3368884 C15.2723543,15.3368884 15.7200696,15.7846037 15.7200696,16.3368884 C15.7200696,16.8891732 15.2723543,17.3368884 14.7200696,17.3368884 L8,17.3368884 Z M8,23 C7.44771525,23 7,22.5522847 7,22 C7,21.4477153 7.44771525,21 8,21 L19.1153581,21 C19.6676429,21 20.1153581,21.4477153 20.1153581,22 C20.1153581,22.5522847 19.6676429,23 19.1153581,23 L8,23 Z" fill="#000000" fill-rule="nonzero"></path></g></g></svg></div> <div class="pdl-product-detail_list-tooltip"><p>Add item to shopping list</p> <em></em></div></button></div></div></div> <!----></li> <!----><!----> <!----> <!----> <!----> <li tabindex="-1" data-product-id="81182" class="slot mobile-product-list-cell"><!----> <!----> <!----> <!----> <div class="mobile-product-list-cell_content"><div><!----> <div class="flag_outer-container"><div class=""><svg xmlns="http://www.w3.org/2000/svg" aria-label="Sale" viewBox="0 0 32 32" role="presentation" aria-hidden="true" focusable="false" class="w-20 ml-3"><title lang="en">Sale</title><desc></desc><g fill="" stroke=""><g><path d="M16.56 19.87a3.81 3.81 0 0 1-1-.13l-13.39-3.5a1.5 1.5 0 0 1-1.12-1.34l-.81-11a1.52 1.52 0 0 1 1.39-1.61l27.69-2h.11a1.51 1.51 0 0 1 1.5 1.4l.82 11a1.52 1.52 0 0 1-.91 1.5l-12.72 5.36a3.79 3.79 0 0 1-1.56.32Z" fill="#ed1256"></path><path fill="#fff" d="M29.43.48a1.26 1.26 0 0 1 1.26 1.17l.82 11a1.27 1.27 0 0 1-.76 1.26L18 19.34a3.72 3.72 0 0 1-1.47.3 3.79 3.79 0 0 1-.94-.12L2.24 16a1.27 1.27 0 0 1-1-1.13l-.81-11a1.26 1.26 0 0 1 1.22-1.33L29.34.48h.09m0-.48h-.13L1.62 2A1.76 1.76 0 0 0 0 3.92l.82 11a1.73 1.73 0 0 0 1.3 1.55L15.5 20a4.3 4.3 0 0 0 1.07.14 4.24 4.24 0 0 0 1.65-.34l12.72-5.44A1.76 1.76 0 0 0 32 12.59l-.82-11A1.76 1.76 0 0 0 29.43 0Z"></path><path fill="#fff" d="M3.74 9.87a3 3 0 0 0 .82.55 2.21 2.21 0 0 0 1.08.19 1.6 1.6 0 0 0 .29 0 1 1 0 0 0 .26-.12.58.58 0 0 0 .18-.2.62.62 0 0 0 0-.31.59.59 0 0 0-.32-.49 3.38 3.38 0 0 0-.85-.34L4.84 9a4.19 4.19 0 0 1-.69-.26 2.44 2.44 0 0 1-.63-.41 1.92 1.92 0 0 1-.7-1.42 2.68 2.68 0 0 1 .1-1A2.2 2.2 0 0 1 3.39 5a2.42 2.42 0 0 1 .82-.6 3.15 3.15 0 0 1 1.17-.28 3.68 3.68 0 0 1 1.72.24 3 3 0 0 1 .57.29A2.66 2.66 0 0 1 8 5l-.82 1.37a4.42 4.42 0 0 0-.82-.45 2 2 0 0 0-.85-.13 1.4 1.4 0 0 0-.28.06A.9.9 0 0 0 5 6a.62.62 0 0 0-.16.2.5.5 0 0 0 0 .28.6.6 0 0 0 .1.31.68.68 0 0 0 .24.2 1.27 1.27 0 0 0 .35.15l.43.13.35.09a7.49 7.49 0 0 1 .69.22 2.2 2.2 0 0 1 .72.42 2.46 2.46 0 0 1 .54.68 2.31 2.31 0 0 1 .27 1 2.15 2.15 0 0 1-.15 1 2.53 2.53 0 0 1-.56.84 2.77 2.77 0 0 1-.88.59 4 4 0 0 1-1.11.27A4.67 4.67 0 0 1 4 12.25a3.79 3.79 0 0 1-1.28-.75ZM11.29 3.89l2.17-.16 3.1 7.7-2 .15L14 10l-2.39.18-.35 1.67-2 .14Zm2.15 4.6-1-2.84-.61 2.95ZM17 3.47l1.89-.14.44 6 3.3-.25.16 1.92-5.19.39ZM23.36 3l5.13-.38.13 1.8-3.24.24.09 1.22 2.66-.2.12 1.7-2.65.2.09 1.35 3.46-.26.13 1.81-5.34.4Z"></path></g></g></svg></div> <!----> <!----> <!----></div></div> <div class="mobile-product-list-cell_left"><div><!----> <img src="https://i5.peapod.com/c/T3/T3D1Z.jpg" alt="Stop &amp; Shop Paper Plates Designer 8.5 Inch" skeleton-box-size="9rem" class="product-grid-image object-contain"></div></div> <div class="mobile-product-list-cell_info"><div class="product-tile_detail"><div class="skeleton-loader_wrapper cursor-pointer"><div class="product-grid-cell_price-container product-grid-cell_price-container_column product-grid-cell_price-container--mobile"><span class="product-grid-cell_main-price product-grid-cell_main-price--on-sale"><span class="sr-only">
      Sale Price
    </span>
    $3.00
  </span> <div class="product-grid-cell_was-container"><span class="product-grid-cell_regular-price product-grid-cell_regular-price--small"><span class="sr-only">
        Original Price
      </span>
      $3.99
    </span></div></div> <!----></div> <!----></div> <div class="mobile-product-list-cell_name-content"><div class="skeleton-loader_wrapper"><div class="product-grid-cell_name"><a id="product-name-81182-16760862580617045" href="#" data-opens-modal="true" aria-haspopup="dialog" class="product-grid-cell_name-text product-grid-cell_name-text--clamp-2"><span class="vector-icon_inline-text--left mr-0"><div class="vector-icon-size--xsmall"><svg xmlns="http://www.w3.org/2000/svg" aria-label="Ahold Icon" viewBox="0 0 1024 945" role="presentation" aria-hidden="true" focusable="false" class=""><title lang="en">Ahold Icon</title><desc></desc><g fill="" stroke=""><g><path d="M1.893 730.617c-1.289-2.094-2.052-4.631-2.052-7.346 0-.747.058-1.481.169-2.197.158-12.396 10.227-22.466 22.687-22.634h895.306c12.476.168 22.545 10.237 22.713 22.698-.521 3.721-1.182 6.924-2.024 10.053l.131-.574c-86.363 175.072-263.598 293.385-468.466 293.385S88.254 905.689 3.252 733.663l-1.361-3.046z" fill="#F7A800" class="path1"></path> <path d="M107.889 132.495c1.893-1.893 1.893-3.786 3.786-5.678 2.98-3.491 7.385-5.69 12.303-5.69s9.323 2.199 12.284 5.668l.019.022L613.264 603.8c3.491 2.98 5.69 7.385 5.69 12.303s-2.199 9.323-5.668 12.284c-1.399 1.869-3.361 3.216-5.631 3.789l-.069.015c-38.446 13.732-82.796 21.669-129.001 21.669-108.416 0-206.626-43.699-277.977-114.443C130.241 467.591 86.799 369.1 86.799 260.462c0-45.803 7.722-89.803 21.936-130.767l-.845 2.8z" fill="#E2231A" class="path2"></path> <path d="M600.015 1.893a6.922 6.922 0 0 1 5.713-1.889c.057-.006.164-.007.272-.007 7.15 0 12.947 5.796 12.947 12.947 0 .108-.001.215-.004.322v-.016 503.482c.002.091.004.199.004.306 0 7.15-5.796 12.947-12.947 12.947-.108 0-.215-.001-.322-.004a6.925 6.925 0 0 1-5.665-1.895l.002.002c-98.273-48.542-164.673-148.065-164.673-263.098S501.743 50.434 598.306 2.657l1.709-.765z" fill="#712177" class="path3"></path> <path d="M938.824 283.919c1.893 0 1.893 1.893 3.786 1.893 1.765 2.012 2.841 4.666 2.841 7.571s-1.077 5.559-2.853 7.584l.011-.013-268.776 266.884c-2.012 1.765-4.666 2.841-7.571 2.841s-5.559-1.077-7.584-2.853a3.774 3.774 0 0 1-1.877-3.793l-.002.019c-7.681-21.529-12.12-46.363-12.12-72.235 0-61.263 24.891-116.712 65.111-156.786 39.326-39.792 93.895-64.431 154.219-64.431 26.857 0 52.573 4.884 76.309 13.812l-1.494-.493z" fill="#82BC00" class="path4"></path></g></g></svg></div></span>
    Stop &amp; Shop Paper Plates Designer 8.5 Inch
  </a></div> <!----> <!----></div> <div class="skeleton-loader_wrapper"><div class="product-grid-cell_sizes"><span class="product-grid-cell_size">
    45 CT PKG
  </span> <span aria-hidden="true">
    |
  </span> <!----> <span class="product-grid-cell_unit">
    $0.07 / EA
  </span></div> <!----></div> <!----> <!----> <!----> <!----> <!----> <!----> <!----></div> <div class="mobile-product-list-cell_bottom"><div class="mobile-product-list-cell_bottom_cart-ui-wrapper"><!----> <!----> <div class="pdl-add-to-cart"><div class="pdl-add-to-cart_button"><button aria-label="Add to cart" data-product-id="81182" data-price="3" class="button button--add-to-cart add-sale">
      Add to cart
      <!----></button> <!----> <!----> <!----></div> <!----></div></div> <!----></div></div></div> <div class="product-tile_action-items"><!----> <!----> <div class="shopping-list-menu_container"><div class="relative-el"><button aria-label="add to shopping list" class="button pdl-product-detail_top-icon button--fourth pdl-product-detail_top-icon--borderless"><!----> <div class="vector-icon-size--large"><svg xmlns="http://www.w3.org/2000/svg" aria-label="Shopping List Icon Add" viewBox="0 0 32 32" role="presentation" aria-hidden="true" focusable="false" class="vector-icon-color--dark-grey"><title lang="en">Shopping List Icon Add</title><desc></desc><g fill="" stroke=""><g><path d="M21.94066,15.3368884 L21.94066,12.8931995 C21.94066,12.3409148 22.3883752,11.8931995 22.94066,11.8931995 C23.4929447,11.8931995 23.94066,12.3409148 23.94066,12.8931995 L23.94066,15.3368884 L26.2522624,15.3368884 C26.8045471,15.3368884 27.2522624,15.7846037 27.2522624,16.3368884 C27.2522624,16.8891732 26.8045471,17.3368884 26.2522624,17.3368884 L23.94066,17.3368884 L23.94066,19.8787952 C23.94066,20.43108 23.4929447,20.8787952 22.94066,20.8787952 C22.3883752,20.8787952 21.94066,20.43108 21.94066,19.8787952 L21.94066,17.3368884 L19.2666667,17.3368884 C18.7143819,17.3368884 18.2666667,16.8891732 18.2666667,16.3368884 C18.2666667,15.7846037 18.7143819,15.3368884 19.2666667,15.3368884 L21.94066,15.3368884 Z M8,12 C7.44771525,12 7,11.5522847 7,11 C7,10.4477153 7.44771525,10 8,10 L19.1153581,10 C19.6676429,10 20.1153581,10.4477153 20.1153581,11 C20.1153581,11.5522847 19.6676429,12 19.1153581,12 L8,12 Z M8,17.3368884 C7.44771525,17.3368884 7,16.8891732 7,16.3368884 C7,15.7846037 7.44771525,15.3368884 8,15.3368884 L14.7200696,15.3368884 C15.2723543,15.3368884 15.7200696,15.7846037 15.7200696,16.3368884 C15.7200696,16.8891732 15.2723543,17.3368884 14.7200696,17.3368884 L8,17.3368884 Z M8,23 C7.44771525,23 7,22.5522847 7,22 C7,21.4477153 7.44771525,21 8,21 L19.1153581,21 C19.6676429,21 20.1153581,21.4477153 20.1153581,22 C20.1153581,22.5522847 19.6676429,23 19.1153581,23 L8,23 Z" fill="#000000" fill-rule="nonzero"></path></g></g></svg></div> <div class="pdl-product-detail_list-tooltip"><p>Add item to shopping list</p> <em></em></div></button></div></div></div> <!----></li> <!----><!----> <!----> <!----> <!----> <li tabindex="-1" data-product-id="183951" class="slot mobile-product-list-cell"><!----> <!----> <!----> <!----> <div class="mobile-product-list-cell_content"><div><!----> <div class="flag_outer-container"><!----> <!----> <!----> <!----></div></div> <div class="mobile-product-list-cell_left"><div><!----> <img src="https://i5.peapod.com/c/3E/3EAVE.png" alt="Cucumbers Seedless" skeleton-box-size="9rem" class="product-grid-image object-contain"></div></div> <div class="mobile-product-list-cell_info"><div class="product-tile_detail"><div class="skeleton-loader_wrapper cursor-pointer"><div class="product-grid-cell_price-container product-grid-cell_price-container--mobile"><span class="product-grid-cell_main-price"><!---->
    $5.00
  </span> <!----></div> <!----></div> <!----></div> <div class="mobile-product-list-cell_name-content"><div class="skeleton-loader_wrapper"><div class="product-grid-cell_name"><a id="product-name-183951-16760862580639366" href="#" data-opens-modal="true" aria-haspopup="dialog" class="product-grid-cell_name-text product-grid-cell_name-text--clamp-2"><!---->
    Cucumbers Seedless
  </a></div> <!----> <!----></div> <div class="skeleton-loader_wrapper"><div class="product-grid-cell_sizes"><span class="product-grid-cell_size">
    3 CT PKG
  </span> <span aria-hidden="true">
    |
  </span> <!----> <span class="product-grid-cell_unit">
    $1.67 / EA
  </span></div> <!----></div> <!----> <!----> <!----> <!----> <!----> <!----> <!----></div> <div class="mobile-product-list-cell_bottom"><div class="mobile-product-list-cell_bottom_cart-ui-wrapper"><!----> <!----> <div class="pdl-add-to-cart"><div class="pdl-add-to-cart_button"><button aria-label="Add to cart" data-product-id="183951" data-price="5" class="button button--add-to-cart">
      Add to cart
      <!----></button> <!----> <!----> <!----></div> <!----></div></div> <!----></div></div></div> <div class="product-tile_action-items"><!----> <!----> <div class="shopping-list-menu_container"><div class="relative-el"><button aria-label="add to shopping list" class="button pdl-product-detail_top-icon button--fourth pdl-product-detail_top-icon--borderless"><!----> <div class="vector-icon-size--large"><svg xmlns="http://www.w3.org/2000/svg" aria-label="Shopping List Icon Add" viewBox="0 0 32 32" role="presentation" aria-hidden="true" focusable="false" class="vector-icon-color--dark-grey"><title lang="en">Shopping List Icon Add</title><desc></desc><g fill="" stroke=""><g><path d="M21.94066,15.3368884 L21.94066,12.8931995 C21.94066,12.3409148 22.3883752,11.8931995 22.94066,11.8931995 C23.4929447,11.8931995 23.94066,12.3409148 23.94066,12.8931995 L23.94066,15.3368884 L26.2522624,15.3368884 C26.8045471,15.3368884 27.2522624,15.7846037 27.2522624,16.3368884 C27.2522624,16.8891732 26.8045471,17.3368884 26.2522624,17.3368884 L23.94066,17.3368884 L23.94066,19.8787952 C23.94066,20.43108 23.4929447,20.8787952 22.94066,20.8787952 C22.3883752,20.8787952 21.94066,20.43108 21.94066,19.8787952 L21.94066,17.3368884 L19.2666667,17.3368884 C18.7143819,17.3368884 18.2666667,16.8891732 18.2666667,16.3368884 C18.2666667,15.7846037 18.7143819,15.3368884 19.2666667,15.3368884 L21.94066,15.3368884 Z M8,12 C7.44771525,12 7,11.5522847 7,11 C7,10.4477153 7.44771525,10 8,10 L19.1153581,10 C19.6676429,10 20.1153581,10.4477153 20.1153581,11 C20.1153581,11.5522847 19.6676429,12 19.1153581,12 L8,12 Z M8,17.3368884 C7.44771525,17.3368884 7,16.8891732 7,16.3368884 C7,15.7846037 7.44771525,15.3368884 8,15.3368884 L14.7200696,15.3368884 C15.2723543,15.3368884 15.7200696,15.7846037 15.7200696,16.3368884 C15.7200696,16.8891732 15.2723543,17.3368884 14.7200696,17.3368884 L8,17.3368884 Z M8,23 C7.44771525,23 7,22.5522847 7,22 C7,21.4477153 7.44771525,21 8,21 L19.1153581,21 C19.6676429,21 20.1153581,21.4477153 20.1153581,22 C20.1153581,22.5522847 19.6676429,23 19.1153581,23 L8,23 Z" fill="#000000" fill-rule="nonzero"></path></g></g></svg></div> <div class="pdl-product-detail_list-tooltip"><p>Add item to shopping list</p> <em></em></div></button></div></div></div> <!----></li> <!----><!----> <!----> <!----> <!----> <li tabindex="-1" data-product-id="136052" class="slot mobile-product-list-cell"><!----> <!----> <!----> <!----> <div class="mobile-product-list-cell_content"><div><!----> <div class="flag_outer-container"><!----> <!----> <!----> <!----></div></div> <div class="mobile-product-list-cell_left"><div><!----> <img src="https://i5.peapod.com/c/HT/HTOJH.png" alt="Nature's Promise Organic Whole Milk" skeleton-box-size="9rem" class="product-grid-image object-contain"></div></div> <div class="mobile-product-list-cell_info"><div class="product-tile_detail"><div class="skeleton-loader_wrapper cursor-pointer"><div class="product-grid-cell_price-container product-grid-cell_price-container--mobile"><span class="product-grid-cell_main-price"><!---->
    $4.69
  </span> <!----></div> <!----></div> <!----></div> <div class="mobile-product-list-cell_name-content"><div class="skeleton-loader_wrapper"><div class="product-grid-cell_name"><a id="product-name-136052-16760862580650024" href="#" data-opens-modal="true" aria-haspopup="dialog" class="product-grid-cell_name-text product-grid-cell_name-text--clamp-2"><span class="vector-icon_inline-text--left mr-0"><div class="vector-icon-size--xsmall"><svg xmlns="http://www.w3.org/2000/svg" aria-label="Ahold Icon" viewBox="0 0 1024 945" role="presentation" aria-hidden="true" focusable="false" class=""><title lang="en">Ahold Icon</title><desc></desc><g fill="" stroke=""><g><path d="M1.893 730.617c-1.289-2.094-2.052-4.631-2.052-7.346 0-.747.058-1.481.169-2.197.158-12.396 10.227-22.466 22.687-22.634h895.306c12.476.168 22.545 10.237 22.713 22.698-.521 3.721-1.182 6.924-2.024 10.053l.131-.574c-86.363 175.072-263.598 293.385-468.466 293.385S88.254 905.689 3.252 733.663l-1.361-3.046z" fill="#F7A800" class="path1"></path> <path d="M107.889 132.495c1.893-1.893 1.893-3.786 3.786-5.678 2.98-3.491 7.385-5.69 12.303-5.69s9.323 2.199 12.284 5.668l.019.022L613.264 603.8c3.491 2.98 5.69 7.385 5.69 12.303s-2.199 9.323-5.668 12.284c-1.399 1.869-3.361 3.216-5.631 3.789l-.069.015c-38.446 13.732-82.796 21.669-129.001 21.669-108.416 0-206.626-43.699-277.977-114.443C130.241 467.591 86.799 369.1 86.799 260.462c0-45.803 7.722-89.803 21.936-130.767l-.845 2.8z" fill="#E2231A" class="path2"></path> <path d="M600.015 1.893a6.922 6.922 0 0 1 5.713-1.889c.057-.006.164-.007.272-.007 7.15 0 12.947 5.796 12.947 12.947 0 .108-.001.215-.004.322v-.016 503.482c.002.091.004.199.004.306 0 7.15-5.796 12.947-12.947 12.947-.108 0-.215-.001-.322-.004a6.925 6.925 0 0 1-5.665-1.895l.002.002c-98.273-48.542-164.673-148.065-164.673-263.098S501.743 50.434 598.306 2.657l1.709-.765z" fill="#712177" class="path3"></path> <path d="M938.824 283.919c1.893 0 1.893 1.893 3.786 1.893 1.765 2.012 2.841 4.666 2.841 7.571s-1.077 5.559-2.853 7.584l.011-.013-268.776 266.884c-2.012 1.765-4.666 2.841-7.571 2.841s-5.559-1.077-7.584-2.853a3.774 3.774 0 0 1-1.877-3.793l-.002.019c-7.681-21.529-12.12-46.363-12.12-72.235 0-61.263 24.891-116.712 65.111-156.786 39.326-39.792 93.895-64.431 154.219-64.431 26.857 0 52.573 4.884 76.309 13.812l-1.494-.493z" fill="#82BC00" class="path4"></path></g></g></svg></div></span>
    Nature's Promise Organic Whole Milk
  </a></div> <!----> <!----></div> <div class="skeleton-loader_wrapper"><div class="product-grid-cell_sizes"><span class="product-grid-cell_size">
    1/2 GALLON
  </span> <span aria-hidden="true">
    |
  </span> <!----> <span class="product-grid-cell_unit">
    $0.07 / OZ
  </span></div> <!----></div> <!----> <!----> <!----> <!----> <!----> <!----> <!----></div> <div class="mobile-product-list-cell_bottom"><div class="mobile-product-list-cell_bottom_cart-ui-wrapper"><!----> <!----> <div class="pdl-add-to-cart"><div class="pdl-add-to-cart_button"><button aria-label="Add to cart" data-product-id="136052" data-price="4.69" class="button button--add-to-cart">
      Add to cart
      <!----></button> <!----> <!----> <!----></div> <!----></div></div> <!----></div></div></div> <div class="product-tile_action-items"><!----> <!----> <div class="shopping-list-menu_container"><div class="relative-el"><button aria-label="add to shopping list" class="button pdl-product-detail_top-icon button--fourth pdl-product-detail_top-icon--borderless"><!----> <div class="vector-icon-size--large"><svg xmlns="http://www.w3.org/2000/svg" aria-label="Shopping List Icon Add" viewBox="0 0 32 32" role="presentation" aria-hidden="true" focusable="false" class="vector-icon-color--dark-grey"><title lang="en">Shopping List Icon Add</title><desc></desc><g fill="" stroke=""><g><path d="M21.94066,15.3368884 L21.94066,12.8931995 C21.94066,12.3409148 22.3883752,11.8931995 22.94066,11.8931995 C23.4929447,11.8931995 23.94066,12.3409148 23.94066,12.8931995 L23.94066,15.3368884 L26.2522624,15.3368884 C26.8045471,15.3368884 27.2522624,15.7846037 27.2522624,16.3368884 C27.2522624,16.8891732 26.8045471,17.3368884 26.2522624,17.3368884 L23.94066,17.3368884 L23.94066,19.8787952 C23.94066,20.43108 23.4929447,20.8787952 22.94066,20.8787952 C22.3883752,20.8787952 21.94066,20.43108 21.94066,19.8787952 L21.94066,17.3368884 L19.2666667,17.3368884 C18.7143819,17.3368884 18.2666667,16.8891732 18.2666667,16.3368884 C18.2666667,15.7846037 18.7143819,15.3368884 19.2666667,15.3368884 L21.94066,15.3368884 Z M8,12 C7.44771525,12 7,11.5522847 7,11 C7,10.4477153 7.44771525,10 8,10 L19.1153581,10 C19.6676429,10 20.1153581,10.4477153 20.1153581,11 C20.1153581,11.5522847 19.6676429,12 19.1153581,12 L8,12 Z M8,17.3368884 C7.44771525,17.3368884 7,16.8891732 7,16.3368884 C7,15.7846037 7.44771525,15.3368884 8,15.3368884 L14.7200696,15.3368884 C15.2723543,15.3368884 15.7200696,15.7846037 15.7200696,16.3368884 C15.7200696,16.8891732 15.2723543,17.3368884 14.7200696,17.3368884 L8,17.3368884 Z M8,23 C7.44771525,23 7,22.5522847 7,22 C7,21.4477153 7.44771525,21 8,21 L19.1153581,21 C19.6676429,21 20.1153581,21.4477153 20.1153581,22 C20.1153581,22.5522847 19.6676429,23 19.1153581,23 L8,23 Z" fill="#000000" fill-rule="nonzero"></path></g></g></svg></div> <div class="pdl-product-detail_list-tooltip"><p>Add item to shopping list</p> <em></em></div></button></div></div></div> <!----></li> <!----><!----> <!----> <!----> <!----> <li tabindex="-1" data-product-id="6831" class="slot mobile-product-list-cell"><!----> <!----> <!----> <!----> <div class="mobile-product-list-cell_content"><div><!----> <div class="flag_outer-container"><!----> <!----> <!----> <!----></div></div> <div class="mobile-product-list-cell_left"><div><!----> <img src="https://i5.peapod.com/c/7G/7G47X.png" alt="Coca-Cola Original Taste Cola Soda" skeleton-box-size="9rem" class="product-grid-image object-contain"></div></div> <div class="mobile-product-list-cell_info"><div class="product-tile_detail"><div class="skeleton-loader_wrapper cursor-pointer"><div class="product-grid-cell_price-container product-grid-cell_price-container--mobile"><span class="product-grid-cell_main-price"><!---->
    $2.99
  </span> <!----></div> <!----></div> <!----></div> <div class="mobile-product-list-cell_name-content"><div class="skeleton-loader_wrapper"><div class="product-grid-cell_name"><a id="product-name-6831-16760862580683013" href="#" data-opens-modal="true" aria-haspopup="dialog" class="product-grid-cell_name-text product-grid-cell_name-text--clamp-2"><!---->
    Coca-Cola Original Taste Cola Soda
  </a></div> <!----> <!----></div> <div class="skeleton-loader_wrapper"><div class="product-grid-cell_sizes"><span class="product-grid-cell_size">
    2 LTR BTL
  </span> <span aria-hidden="true">
    |
  </span> <!----> <span class="product-grid-cell_unit">
    $0.04 / OZ
  </span></div> <!----></div> <!----> <!----> <!----> <!----> <!----> <!----> <!----></div> <div class="mobile-product-list-cell_bottom"><div class="mobile-product-list-cell_bottom_cart-ui-wrapper"><!----> <!----> <div class="pdl-add-to-cart"><div class="pdl-add-to-cart_button"><button aria-label="Add to cart" data-product-id="6831" data-price="2.99" class="button button--add-to-cart">
      Add to cart
      <!----></button> <!----> <!----> <!----></div> <!----></div></div> <!----></div></div></div> <div class="product-tile_action-items"><!----> <!----> <div class="shopping-list-menu_container"><div class="relative-el"><button aria-label="add to shopping list" class="button pdl-product-detail_top-icon button--fourth pdl-product-detail_top-icon--borderless"><!----> <div class="vector-icon-size--large"><svg xmlns="http://www.w3.org/2000/svg" aria-label="Shopping List Icon Add" viewBox="0 0 32 32" role="presentation" aria-hidden="true" focusable="false" class="vector-icon-color--dark-grey"><title lang="en">Shopping List Icon Add</title><desc></desc><g fill="" stroke=""><g><path d="M21.94066,15.3368884 L21.94066,12.8931995 C21.94066,12.3409148 22.3883752,11.8931995 22.94066,11.8931995 C23.4929447,11.8931995 23.94066,12.3409148 23.94066,12.8931995 L23.94066,15.3368884 L26.2522624,15.3368884 C26.8045471,15.3368884 27.2522624,15.7846037 27.2522624,16.3368884 C27.2522624,16.8891732 26.8045471,17.3368884 26.2522624,17.3368884 L23.94066,17.3368884 L23.94066,19.8787952 C23.94066,20.43108 23.4929447,20.8787952 22.94066,20.8787952 C22.3883752,20.8787952 21.94066,20.43108 21.94066,19.8787952 L21.94066,17.3368884 L19.2666667,17.3368884 C18.7143819,17.3368884 18.2666667,16.8891732 18.2666667,16.3368884 C18.2666667,15.7846037 18.7143819,15.3368884 19.2666667,15.3368884 L21.94066,15.3368884 Z M8,12 C7.44771525,12 7,11.5522847 7,11 C7,10.4477153 7.44771525,10 8,10 L19.1153581,10 C19.6676429,10 20.1153581,10.4477153 20.1153581,11 C20.1153581,11.5522847 19.6676429,12 19.1153581,12 L8,12 Z M8,17.3368884 C7.44771525,17.3368884 7,16.8891732 7,16.3368884 C7,15.7846037 7.44771525,15.3368884 8,15.3368884 L14.7200696,15.3368884 C15.2723543,15.3368884 15.7200696,15.7846037 15.7200696,16.3368884 C15.7200696,16.8891732 15.2723543,17.3368884 14.7200696,17.3368884 L8,17.3368884 Z M8,23 C7.44771525,23 7,22.5522847 7,22 C7,21.4477153 7.44771525,21 8,21 L19.1153581,21 C19.6676429,21 20.1153581,21.4477153 20.1153581,22 C20.1153581,22.5522847 19.6676429,23 19.1153581,23 L8,23 Z" fill="#000000" fill-rule="nonzero"></path></g></g></svg></div> <div class="pdl-product-detail_list-tooltip"><p>Add item to shopping list</p> <em></em></div></button></div></div></div> <!----></li> <!----><!----> <!----> <!----> <!----> <li tabindex="-1" data-product-id="8076" class="slot mobile-product-list-cell"><!----> <!----> <!----> <!----> <div class="mobile-product-list-cell_content"><div><!----> <div class="flag_outer-container"><!----> <!----> <!----> <!----></div></div> <div class="mobile-product-list-cell_left"><div><!----> <img src="https://i5.peapod.com/c/LR/LRG1P.png" alt="Yoplait Original Yogurt Strawberry Low Fat" skeleton-box-size="9rem" class="product-grid-image object-contain"></div></div> <div class="mobile-product-list-cell_info"><div class="product-tile_detail"><div class="skeleton-loader_wrapper cursor-pointer"><div class="product-grid-cell_price-container product-grid-cell_price-container--mobile"><span class="product-grid-cell_main-price"><!---->
    $0.99
  </span> <!----></div> <!----></div> <!----></div> <div class="mobile-product-list-cell_name-content"><div class="skeleton-loader_wrapper"><div class="product-grid-cell_name"><a id="product-name-8076-16760862580706746" href="#" data-opens-modal="true" aria-haspopup="dialog" class="product-grid-cell_name-text product-grid-cell_name-text--clamp-2"><!---->
    Yoplait Original Yogurt Strawberry Low Fat
  </a></div> <!----> <!----></div> <div class="skeleton-loader_wrapper"><div class="product-grid-cell_sizes"><span class="product-grid-cell_size">
    6 OZ CUP
  </span> <span aria-hidden="true">
    |
  </span> <!----> <span class="product-grid-cell_unit">
    $0.17 / OZ
  </span></div> <!----></div> <!----> <div id="coupon-link-8076-16760862580706746" tabindex="0" role="link" aria-label="Open coupon details" data-opens-modal="true" class="product-tile_coupon-offer product-tile_coupon-offer-clippable product-tile_coupon-offer--mobile multiple-lines" is-mobile="true"><div class="product-tile_coupon-offer-display"><div class="vector-icon-size--xsmall margin-right--half"><svg xmlns="http://www.w3.org/2000/svg" aria-label="PdlIconCouponScissor" viewBox="0 0 19 20" role="presentation" aria-hidden="true" focusable="false" class="vector-icon-stroke--coupon"><title lang="en">PdlIconCouponScissor</title><desc></desc><g fill="" stroke=""><path d="M9.622 9.622 6.444 6.444a3.19 3.19 0 1 1-4.51-4.51 3.19 3.19 0 0 1 4.51 4.51l3.178 3.178 7.688-7.688-7.688 7.688Zm0 0 7.688 7.688-7.688-7.688L6.444 12.8l3.178-3.178ZM1.934 12.8a3.19 3.19 0 1 1 4.51 4.51 3.19 3.19 0 0 1-4.51-4.51Z" stroke="#007DA3" stroke-width="2" fill="none" fill-rule="evenodd" stroke-linecap="round" stroke-linejoin="round"></path></g></svg></div> <div class="vector-icon_mobile-center"><!----></div> <div class="product-tile_coupon-offer-name flex-center product-tile_coupon-offer-name--full-tile text-left"><!---->
      SAVE 50¢ ON FIVE
    </div></div> <!----> <div class="product-tile_coupon-offer-loading-coupon"><!----></div></div> <!----> <!----> <!----> <!----> <!----></div> <div class="mobile-product-list-cell_bottom"><div class="mobile-product-list-cell_bottom_cart-ui-wrapper"><!----> <!----> <div class="pdl-add-to-cart pdl-add-to-cart_coupon"><div class="pdl-add-to-cart_button"><button aria-label="Add to cart" data-product-id="8076" data-price="0.99" class="button button--add-to-cart">
      Add to cart
      <!----></button> <!----> <!----> <!----></div> <!----></div></div> <!----></div></div></div> <div class="product-tile_action-items"><!----> <!----> <div class="shopping-list-menu_container"><div class="relative-el"><button aria-label="add to shopping list" class="button pdl-product-detail_top-icon button--fourth pdl-product-detail_top-icon--borderless"><!----> <div class="vector-icon-size--large"><svg xmlns="http://www.w3.org/2000/svg" aria-label="Shopping List Icon Add" viewBox="0 0 32 32" role="presentation" aria-hidden="true" focusable="false" class="vector-icon-color--dark-grey"><title lang="en">Shopping List Icon Add</title><desc></desc><g fill="" stroke=""><g><path d="M21.94066,15.3368884 L21.94066,12.8931995 C21.94066,12.3409148 22.3883752,11.8931995 22.94066,11.8931995 C23.4929447,11.8931995 23.94066,12.3409148 23.94066,12.8931995 L23.94066,15.3368884 L26.2522624,15.3368884 C26.8045471,15.3368884 27.2522624,15.7846037 27.2522624,16.3368884 C27.2522624,16.8891732 26.8045471,17.3368884 26.2522624,17.3368884 L23.94066,17.3368884 L23.94066,19.8787952 C23.94066,20.43108 23.4929447,20.8787952 22.94066,20.8787952 C22.3883752,20.8787952 21.94066,20.43108 21.94066,19.8787952 L21.94066,17.3368884 L19.2666667,17.3368884 C18.7143819,17.3368884 18.2666667,16.8891732 18.2666667,16.3368884 C18.2666667,15.7846037 18.7143819,15.3368884 19.2666667,15.3368884 L21.94066,15.3368884 Z M8,12 C7.44771525,12 7,11.5522847 7,11 C7,10.4477153 7.44771525,10 8,10 L19.1153581,10 C19.6676429,10 20.1153581,10.4477153 20.1153581,11 C20.1153581,11.5522847 19.6676429,12 19.1153581,12 L8,12 Z M8,17.3368884 C7.44771525,17.3368884 7,16.8891732 7,16.3368884 C7,15.7846037 7.44771525,15.3368884 8,15.3368884 L14.7200696,15.3368884 C15.2723543,15.3368884 15.7200696,15.7846037 15.7200696,16.3368884 C15.7200696,16.8891732 15.2723543,17.3368884 14.7200696,17.3368884 L8,17.3368884 Z M8,23 C7.44771525,23 7,22.5522847 7,22 C7,21.4477153 7.44771525,21 8,21 L19.1153581,21 C19.6676429,21 20.1153581,21.4477153 20.1153581,22 C20.1153581,22.5522847 19.6676429,23 19.1153581,23 L8,23 Z" fill="#000000" fill-rule="nonzero"></path></g></g></svg></div> <div class="pdl-product-detail_list-tooltip"><p>Add item to shopping list</p> <em></em></div></button></div></div></div> <!----></li> <!----><!----> <!----> <!----> <!----> <li tabindex="-1" data-product-id="155304" class="slot mobile-product-list-cell"><!----> <!----> <!----> <!----> <div class="mobile-product-list-cell_content"><div><!----> <div class="flag_outer-container"><!----> <!----> <!----> <!----></div></div> <div class="mobile-product-list-cell_left"><div><!----> <img src="https://i5.peapod.com/c/66/66E6S.png" alt="Stop &amp; Shop Cheddar Cheese Sharp Finely Shredded Natural" skeleton-box-size="9rem" class="product-grid-image object-contain"></div></div> <div class="mobile-product-list-cell_info"><div class="product-tile_detail"><div class="skeleton-loader_wrapper cursor-pointer"><div class="product-grid-cell_price-container product-grid-cell_price-container--mobile"><span class="product-grid-cell_main-price"><!---->
    $2.79
  </span> <!----></div> <!----></div> <!----></div> <div class="mobile-product-list-cell_name-content"><div class="skeleton-loader_wrapper"><div class="product-grid-cell_name"><a id="product-name-155304-16760862580728305" href="#" data-opens-modal="true" aria-haspopup="dialog" class="product-grid-cell_name-text product-grid-cell_name-text--clamp-2"><span class="vector-icon_inline-text--left mr-0"><div class="vector-icon-size--xsmall"><svg xmlns="http://www.w3.org/2000/svg" aria-label="Ahold Icon" viewBox="0 0 1024 945" role="presentation" aria-hidden="true" focusable="false" class=""><title lang="en">Ahold Icon</title><desc></desc><g fill="" stroke=""><g><path d="M1.893 730.617c-1.289-2.094-2.052-4.631-2.052-7.346 0-.747.058-1.481.169-2.197.158-12.396 10.227-22.466 22.687-22.634h895.306c12.476.168 22.545 10.237 22.713 22.698-.521 3.721-1.182 6.924-2.024 10.053l.131-.574c-86.363 175.072-263.598 293.385-468.466 293.385S88.254 905.689 3.252 733.663l-1.361-3.046z" fill="#F7A800" class="path1"></path> <path d="M107.889 132.495c1.893-1.893 1.893-3.786 3.786-5.678 2.98-3.491 7.385-5.69 12.303-5.69s9.323 2.199 12.284 5.668l.019.022L613.264 603.8c3.491 2.98 5.69 7.385 5.69 12.303s-2.199 9.323-5.668 12.284c-1.399 1.869-3.361 3.216-5.631 3.789l-.069.015c-38.446 13.732-82.796 21.669-129.001 21.669-108.416 0-206.626-43.699-277.977-114.443C130.241 467.591 86.799 369.1 86.799 260.462c0-45.803 7.722-89.803 21.936-130.767l-.845 2.8z" fill="#E2231A" class="path2"></path> <path d="M600.015 1.893a6.922 6.922 0 0 1 5.713-1.889c.057-.006.164-.007.272-.007 7.15 0 12.947 5.796 12.947 12.947 0 .108-.001.215-.004.322v-.016 503.482c.002.091.004.199.004.306 0 7.15-5.796 12.947-12.947 12.947-.108 0-.215-.001-.322-.004a6.925 6.925 0 0 1-5.665-1.895l.002.002c-98.273-48.542-164.673-148.065-164.673-263.098S501.743 50.434 598.306 2.657l1.709-.765z" fill="#712177" class="path3"></path> <path d="M938.824 283.919c1.893 0 1.893 1.893 3.786 1.893 1.765 2.012 2.841 4.666 2.841 7.571s-1.077 5.559-2.853 7.584l.011-.013-268.776 266.884c-2.012 1.765-4.666 2.841-7.571 2.841s-5.559-1.077-7.584-2.853a3.774 3.774 0 0 1-1.877-3.793l-.002.019c-7.681-21.529-12.12-46.363-12.12-72.235 0-61.263 24.891-116.712 65.111-156.786 39.326-39.792 93.895-64.431 154.219-64.431 26.857 0 52.573 4.884 76.309 13.812l-1.494-.493z" fill="#82BC00" class="path4"></path></g></g></svg></div></span>
    Stop &amp; Shop Cheddar Cheese Sharp Finely Shredded Natural
  </a></div> <!----> <!----></div> <div class="skeleton-loader_wrapper"><div class="product-grid-cell_sizes"><span class="product-grid-cell_size">
    8 OZ BAG
  </span> <span aria-hidden="true">
    |
  </span> <!----> <span class="product-grid-cell_unit">
    $5.58 / LB
  </span></div> <!----></div> <!----> <!----> <!----> <!----> <!----> <!----> <!----></div> <div class="mobile-product-list-cell_bottom"><div class="mobile-product-list-cell_bottom_cart-ui-wrapper"><!----> <!----> <div class="pdl-add-to-cart"><div class="pdl-add-to-cart_button"><button aria-label="Add to cart" data-product-id="155304" data-price="2.79" class="button button--add-to-cart">
      Add to cart
      <!----></button> <!----> <!----> <!----></div> <!----></div></div> <!----></div></div></div> <div class="product-tile_action-items"><!----> <!----> <div class="shopping-list-menu_container"><div class="relative-el"><button aria-label="add to shopping list" class="button pdl-product-detail_top-icon button--fourth pdl-product-detail_top-icon--borderless"><!----> <div class="vector-icon-size--large"><svg xmlns="http://www.w3.org/2000/svg" aria-label="Shopping List Icon Add" viewBox="0 0 32 32" role="presentation" aria-hidden="true" focusable="false" class="vector-icon-color--dark-grey"><title lang="en">Shopping List Icon Add</title><desc></desc><g fill="" stroke=""><g><path d="M21.94066,15.3368884 L21.94066,12.8931995 C21.94066,12.3409148 22.3883752,11.8931995 22.94066,11.8931995 C23.4929447,11.8931995 23.94066,12.3409148 23.94066,12.8931995 L23.94066,15.3368884 L26.2522624,15.3368884 C26.8045471,15.3368884 27.2522624,15.7846037 27.2522624,16.3368884 C27.2522624,16.8891732 26.8045471,17.3368884 26.2522624,17.3368884 L23.94066,17.3368884 L23.94066,19.8787952 C23.94066,20.43108 23.4929447,20.8787952 22.94066,20.8787952 C22.3883752,20.8787952 21.94066,20.43108 21.94066,19.8787952 L21.94066,17.3368884 L19.2666667,17.3368884 C18.7143819,17.3368884 18.2666667,16.8891732 18.2666667,16.3368884 C18.2666667,15.7846037 18.7143819,15.3368884 19.2666667,15.3368884 L21.94066,15.3368884 Z M8,12 C7.44771525,12 7,11.5522847 7,11 C7,10.4477153 7.44771525,10 8,10 L19.1153581,10 C19.6676429,10 20.1153581,10.4477153 20.1153581,11 C20.1153581,11.5522847 19.6676429,12 19.1153581,12 L8,12 Z M8,17.3368884 C7.44771525,17.3368884 7,16.8891732 7,16.3368884 C7,15.7846037 7.44771525,15.3368884 8,15.3368884 L14.7200696,15.3368884 C15.2723543,15.3368884 15.7200696,15.7846037 15.7200696,16.3368884 C15.7200696,16.8891732 15.2723543,17.3368884 14.7200696,17.3368884 L8,17.3368884 Z M8,23 C7.44771525,23 7,22.5522847 7,22 C7,21.4477153 7.44771525,21 8,21 L19.1153581,21 C19.6676429,21 20.1153581,21.4477153 20.1153581,22 C20.1153581,22.5522847 19.6676429,23 19.1153581,23 L8,23 Z" fill="#000000" fill-rule="nonzero"></path></g></g></svg></div> <div class="pdl-product-detail_list-tooltip"><p>Add item to shopping list</p> <em></em></div></button></div></div></div> <!----></li> <!----><!----> <!----> <!----> <!----> <li tabindex="-1" data-product-id="301917" class="slot mobile-product-list-cell"><!----> <!----> <!----> <!----> <div class="mobile-product-list-cell_content"><div><!----> <div class="flag_outer-container"><!----> <!----> <!----> <!----></div></div> <div class="mobile-product-list-cell_left"><div><!----> <img src="https://i5.peapod.com/c/3I/3I63C.png" alt="Stop &amp; Shop Chicken Thighs Boneless Skinless Value Pack Fresh" skeleton-box-size="9rem" class="product-grid-image object-contain"></div></div> <div class="mobile-product-list-cell_info"><div class="product-tile_detail"><div class="skeleton-loader_wrapper cursor-pointer"><div class="product-grid-cell_price-container product-grid-cell_price-container--mobile"><span class="product-grid-cell_main-price"><!---->
    $9.72
  </span> <!----></div> <!----></div> <!----></div> <div class="mobile-product-list-cell_name-content"><div class="skeleton-loader_wrapper"><div class="product-grid-cell_name"><a id="product-name-301917-16760862580757017" href="#" data-opens-modal="true" aria-haspopup="dialog" class="product-grid-cell_name-text product-grid-cell_name-text--clamp-2"><span class="vector-icon_inline-text--left mr-0"><div class="vector-icon-size--xsmall"><svg xmlns="http://www.w3.org/2000/svg" aria-label="Ahold Icon" viewBox="0 0 1024 945" role="presentation" aria-hidden="true" focusable="false" class=""><title lang="en">Ahold Icon</title><desc></desc><g fill="" stroke=""><g><path d="M1.893 730.617c-1.289-2.094-2.052-4.631-2.052-7.346 0-.747.058-1.481.169-2.197.158-12.396 10.227-22.466 22.687-22.634h895.306c12.476.168 22.545 10.237 22.713 22.698-.521 3.721-1.182 6.924-2.024 10.053l.131-.574c-86.363 175.072-263.598 293.385-468.466 293.385S88.254 905.689 3.252 733.663l-1.361-3.046z" fill="#F7A800" class="path1"></path> <path d="M107.889 132.495c1.893-1.893 1.893-3.786 3.786-5.678 2.98-3.491 7.385-5.69 12.303-5.69s9.323 2.199 12.284 5.668l.019.022L613.264 603.8c3.491 2.98 5.69 7.385 5.69 12.303s-2.199 9.323-5.668 12.284c-1.399 1.869-3.361 3.216-5.631 3.789l-.069.015c-38.446 13.732-82.796 21.669-129.001 21.669-108.416 0-206.626-43.699-277.977-114.443C130.241 467.591 86.799 369.1 86.799 260.462c0-45.803 7.722-89.803 21.936-130.767l-.845 2.8z" fill="#E2231A" class="path2"></path> <path d="M600.015 1.893a6.922 6.922 0 0 1 5.713-1.889c.057-.006.164-.007.272-.007 7.15 0 12.947 5.796 12.947 12.947 0 .108-.001.215-.004.322v-.016 503.482c.002.091.004.199.004.306 0 7.15-5.796 12.947-12.947 12.947-.108 0-.215-.001-.322-.004a6.925 6.925 0 0 1-5.665-1.895l.002.002c-98.273-48.542-164.673-148.065-164.673-263.098S501.743 50.434 598.306 2.657l1.709-.765z" fill="#712177" class="path3"></path> <path d="M938.824 283.919c1.893 0 1.893 1.893 3.786 1.893 1.765 2.012 2.841 4.666 2.841 7.571s-1.077 5.559-2.853 7.584l.011-.013-268.776 266.884c-2.012 1.765-4.666 2.841-7.571 2.841s-5.559-1.077-7.584-2.853a3.774 3.774 0 0 1-1.877-3.793l-.002.019c-7.681-21.529-12.12-46.363-12.12-72.235 0-61.263 24.891-116.712 65.111-156.786 39.326-39.792 93.895-64.431 154.219-64.431 26.857 0 52.573 4.884 76.309 13.812l-1.494-.493z" fill="#82BC00" class="path4"></path></g></g></svg></div></span>
    Stop &amp; Shop Chicken Thighs Boneless Skinless Value Pack Fresh
  </a></div> <!----> <!----></div> <div class="skeleton-loader_wrapper"><div class="product-grid-cell_sizes"><span class="product-grid-cell_size">
    APX 3.25 LB
  </span> <span aria-hidden="true">
    |
  </span> <!----> <span class="product-grid-cell_unit">
    $2.99 / LB
  </span></div> <!----></div> <!----> <!----> <!----> <!----> <!----> <!----> <!----></div> <div class="mobile-product-list-cell_bottom"><div class="mobile-product-list-cell_bottom_cart-ui-wrapper"><!----> <!----> <div class="pdl-add-to-cart"><div class="pdl-add-to-cart_button"><button aria-label="Add to cart" data-product-id="301917" data-price="9.72" class="button button--add-to-cart">
      Add to cart
      <!----></button> <!----> <!----> <!----></div> <!----></div></div> <!----></div></div></div> <div class="product-tile_action-items"><!----> <!----> <div class="shopping-list-menu_container"><div class="relative-el"><button aria-label="add to shopping list" class="button pdl-product-detail_top-icon button--fourth pdl-product-detail_top-icon--borderless"><!----> <div class="vector-icon-size--large"><svg xmlns="http://www.w3.org/2000/svg" aria-label="Shopping List Icon Add" viewBox="0 0 32 32" role="presentation" aria-hidden="true" focusable="false" class="vector-icon-color--dark-grey"><title lang="en">Shopping List Icon Add</title><desc></desc><g fill="" stroke=""><g><path d="M21.94066,15.3368884 L21.94066,12.8931995 C21.94066,12.3409148 22.3883752,11.8931995 22.94066,11.8931995 C23.4929447,11.8931995 23.94066,12.3409148 23.94066,12.8931995 L23.94066,15.3368884 L26.2522624,15.3368884 C26.8045471,15.3368884 27.2522624,15.7846037 27.2522624,16.3368884 C27.2522624,16.8891732 26.8045471,17.3368884 26.2522624,17.3368884 L23.94066,17.3368884 L23.94066,19.8787952 C23.94066,20.43108 23.4929447,20.8787952 22.94066,20.8787952 C22.3883752,20.8787952 21.94066,20.43108 21.94066,19.8787952 L21.94066,17.3368884 L19.2666667,17.3368884 C18.7143819,17.3368884 18.2666667,16.8891732 18.2666667,16.3368884 C18.2666667,15.7846037 18.7143819,15.3368884 19.2666667,15.3368884 L21.94066,15.3368884 Z M8,12 C7.44771525,12 7,11.5522847 7,11 C7,10.4477153 7.44771525,10 8,10 L19.1153581,10 C19.6676429,10 20.1153581,10.4477153 20.1153581,11 C20.1153581,11.5522847 19.6676429,12 19.1153581,12 L8,12 Z M8,17.3368884 C7.44771525,17.3368884 7,16.8891732 7,16.3368884 C7,15.7846037 7.44771525,15.3368884 8,15.3368884 L14.7200696,15.3368884 C15.2723543,15.3368884 15.7200696,15.7846037 15.7200696,16.3368884 C15.7200696,16.8891732 15.2723543,17.3368884 14.7200696,17.3368884 L8,17.3368884 Z M8,23 C7.44771525,23 7,22.5522847 7,22 C7,21.4477153 7.44771525,21 8,21 L19.1153581,21 C19.6676429,21 20.1153581,21.4477153 20.1153581,22 C20.1153581,22.5522847 19.6676429,23 19.1153581,23 L8,23 Z" fill="#000000" fill-rule="nonzero"></path></g></g></svg></div> <div class="pdl-product-detail_list-tooltip"><p>Add item to shopping list</p> <em></em></div></button></div></div></div> <!----></li> <!----><!----> <!----> <!----> <!----> <li tabindex="-1" data-product-id="262512" class="slot mobile-product-list-cell"><!----> <!----> <!----> <!----> <div class="mobile-product-list-cell_content"><div><!----> <div class="flag_outer-container"><!----> <!----> <!----> <!----></div></div> <div class="mobile-product-list-cell_left"><div><!----> <img src="data:image/svg+xml;base64,PD94bWwgdmVyc2lvbj0iMS4wIiBlbmNvZGluZz0idXRmLTgiPz4KPCEtLSBHZW5lcmF0ZWQgYnkgSWNvTW9vbi5pbyAtLT4KPCFET0NUWVBFIHN2ZyBQVUJMSUMgIi0vL1czQy8vRFREIFNWRyAxLjEvL0VOIiAiaHR0cDovL3d3dy53My5vcmcvR3JhcGhpY3MvU1ZHLzEuMS9EVEQvc3ZnMTEuZHRkIj4KPHN2ZyB2ZXJzaW9uPSIxLjEiIHhtbG5zPSJodHRwOi8vd3d3LnczLm9yZy8yMDAwL3N2ZyIgeG1sbnM6eGxpbms9Imh0dHA6Ly93d3cudzMub3JnLzE5OTkveGxpbmsiIHdpZHRoPSI0OCIgaGVpZ2h0PSI0OCIgdmlld0JveD0iMCAwIDQ4IDQ4Ij4KPGcgaWQ9Imljb21vb24taWdub3JlIj4KCTxsaW5lIHN0cm9rZS13aWR0aD0iMSIgeDE9IiIgeTE9IiIgeDI9IiIgeTI9IiIgc3Ryb2tlPSIjNDQ5RkRCIiBvcGFjaXR5PSIiPjwvbGluZT4KPC9nPgoJPHBhdGggZD0iTTM4LjQ4IDkuMDcwYzAuMjQ4IDAgMC40NSAwLjIwMiAwLjQ1IDAuNDV2MjguOTU5YzAgMC4yNDgtMC4yMDIgMC40NS0wLjQ1IDAuNDVoLTI4Ljk1OWMtMC4yNDggMC0wLjQ1LTAuMjAyLTAuNDUtMC40NXYtMjguOTU5YzAtMC4yNDggMC4yMDItMC40NSAwLjQ1LTAuNDVoMjguOTU5ek0zOC40OCA4aC0yOC45NTljLTAuODQgMC0xLjUyIDAuNjgxLTEuNTIgMS41MjF2MjguOTU5YzAgMC44NCAwLjY4MSAxLjUyMSAxLjUyIDEuNTIxaDI4Ljk1OWMwLjg0IDAgMS41Mi0wLjY4MSAxLjUyLTEuNTIxdi0yOC45NTljMC0wLjg0LTAuNjgxLTEuNTIxLTEuNTItMS41MjF2MHoiIG9wYWNpdHk9IjEiIHZpc2liaWxpdHk9ImZhbHNlIiBmaWxsPSIjZDdkN2Q3Ij48L3BhdGg+Cgk8cGF0aCBkPSJNMTIuMjI4IDM1LjIyNHYtMy4zMjljMC0wLjE0NSAwLjA1OC0wLjI4NSAwLjE2LTAuMzg4bDUuNTg3LTUuNTg3YzAuMjE0LTAuMjE0IDAuNTYxLTAuMjE0IDAuNzc1IDBsMi4xMTkgMi4xMTljMC4yMTQgMC4yMTQgMC41NjEgMC4yMTQgMC43NzUgMGw4LjE5MS04LjE5MmMwLjIxNC0wLjIxNCAwLjU2MS0wLjIxNCAwLjc3NSAwbDUgNWMwLjEwMyAwLjEwMyAwLjE2IDAuMjQyIDAuMTYgMC4zODh2OS45ODhjMCAwLjMwMy0wLjI0NSAwLjU0OC0wLjU0OCAwLjU0OGgtMjIuNDQ3Yy0wLjMwMyAwLTAuNTQ4LTAuMjQ1LTAuNTQ4LTAuNTQ4eiIgb3BhY2l0eT0iMSIgdmlzaWJpbGl0eT0iZmFsc2UiIGZpbGw9IiNkN2Q3ZDciPjwvcGF0aD4KCTxwYXRoIGQ9Ik0yMS41NDQgMTcuOTY3YzAgMS45ODItMS42MDYgMy41ODgtMy41ODggMy41ODhzLTMuNTg4LTEuNjA2LTMuNTg4LTMuNTg4YzAtMS45ODEgMS42MDYtMy41ODggMy41ODgtMy41ODhzMy41ODggMS42MDYgMy41ODggMy41ODh6IiBvcGFjaXR5PSIxIiB2aXNpYmlsaXR5PSJmYWxzZSIgZmlsbD0iI2Q3ZDdkNyI+PC9wYXRoPgo8L3N2Zz4K" alt="Nature's Promise Chicken Breast Fillets - 6 ct All Natural" skeleton-box-size="9rem" class="product-grid-image object-contain"></div></div> <div class="mobile-product-list-cell_info"><div class="product-tile_detail"><div class="skeleton-loader_wrapper cursor-pointer"><div class="product-grid-cell_price-container product-grid-cell_price-container--mobile"><span class="product-grid-cell_main-price"><!---->
    $10.99
  </span> <!----></div> <!----></div> <!----></div> <div class="mobile-product-list-cell_name-content"><div class="skeleton-loader_wrapper"><div class="product-grid-cell_name"><a id="product-name-262512-16760862580771182" href="#" data-opens-modal="true" aria-haspopup="dialog" class="product-grid-cell_name-text product-grid-cell_name-text--clamp-2"><span class="vector-icon_inline-text--left mr-0"><div class="vector-icon-size--xsmall"><svg xmlns="http://www.w3.org/2000/svg" aria-label="Ahold Icon" viewBox="0 0 1024 945" role="presentation" aria-hidden="true" focusable="false" class=""><title lang="en">Ahold Icon</title><desc></desc><g fill="" stroke=""><g><path d="M1.893 730.617c-1.289-2.094-2.052-4.631-2.052-7.346 0-.747.058-1.481.169-2.197.158-12.396 10.227-22.466 22.687-22.634h895.306c12.476.168 22.545 10.237 22.713 22.698-.521 3.721-1.182 6.924-2.024 10.053l.131-.574c-86.363 175.072-263.598 293.385-468.466 293.385S88.254 905.689 3.252 733.663l-1.361-3.046z" fill="#F7A800" class="path1"></path> <path d="M107.889 132.495c1.893-1.893 1.893-3.786 3.786-5.678 2.98-3.491 7.385-5.69 12.303-5.69s9.323 2.199 12.284 5.668l.019.022L613.264 603.8c3.491 2.98 5.69 7.385 5.69 12.303s-2.199 9.323-5.668 12.284c-1.399 1.869-3.361 3.216-5.631 3.789l-.069.015c-38.446 13.732-82.796 21.669-129.001 21.669-108.416 0-206.626-43.699-277.977-114.443C130.241 467.591 86.799 369.1 86.799 260.462c0-45.803 7.722-89.803 21.936-130.767l-.845 2.8z" fill="#E2231A" class="path2"></path> <path d="M600.015 1.893a6.922 6.922 0 0 1 5.713-1.889c.057-.006.164-.007.272-.007 7.15 0 12.947 5.796 12.947 12.947 0 .108-.001.215-.004.322v-.016 503.482c.002.091.004.199.004.306 0 7.15-5.796 12.947-12.947 12.947-.108 0-.215-.001-.322-.004a6.925 6.925 0 0 1-5.665-1.895l.002.002c-98.273-48.542-164.673-148.065-164.673-263.098S501.743 50.434 598.306 2.657l1.709-.765z" fill="#712177" class="path3"></path> <path d="M938.824 283.919c1.893 0 1.893 1.893 3.786 1.893 1.765 2.012 2.841 4.666 2.841 7.571s-1.077 5.559-2.853 7.584l.011-.013-268.776 266.884c-2.012 1.765-4.666 2.841-7.571 2.841s-5.559-1.077-7.584-2.853a3.774 3.774 0 0 1-1.877-3.793l-.002.019c-7.681-21.529-12.12-46.363-12.12-72.235 0-61.263 24.891-116.712 65.111-156.786 39.326-39.792 93.895-64.431 154.219-64.431 26.857 0 52.573 4.884 76.309 13.812l-1.494-.493z" fill="#82BC00" class="path4"></path></g></g></svg></div></span>
    Nature's Promise Chicken Breast Fillets - 6 ct All Natural
  </a></div> <!----> <!----></div> <div class="skeleton-loader_wrapper"><div class="product-grid-cell_sizes"><span class="product-grid-cell_size">
    24 OZ BAG
  </span> <span aria-hidden="true">
    |
  </span> <!----> <span class="product-grid-cell_unit">
    $7.33 / LB
  </span></div> <!----></div> <!----> <!----> <!----> <!----> <!----> <!----> <!----></div> <div class="mobile-product-list-cell_bottom"><div class="mobile-product-list-cell_bottom_cart-ui-wrapper"><!----> <!----> <div class="pdl-add-to-cart"><div class="pdl-add-to-cart_button"><button aria-label="Add to cart" data-product-id="262512" data-price="10.99" class="button button--add-to-cart">
      Add to cart
      <!----></button> <!----> <!----> <!----></div> <!----></div></div> <!----></div></div></div> <div class="product-tile_action-items"><!----> <!----> <div class="shopping-list-menu_container"><div class="relative-el"><button aria-label="add to shopping list" class="button pdl-product-detail_top-icon button--fourth pdl-product-detail_top-icon--borderless"><!----> <div class="vector-icon-size--large"><svg xmlns="http://www.w3.org/2000/svg" aria-label="Shopping List Icon Add" viewBox="0 0 32 32" role="presentation" aria-hidden="true" focusable="false" class="vector-icon-color--dark-grey"><title lang="en">Shopping List Icon Add</title><desc></desc><g fill="" stroke=""><g><path d="M21.94066,15.3368884 L21.94066,12.8931995 C21.94066,12.3409148 22.3883752,11.8931995 22.94066,11.8931995 C23.4929447,11.8931995 23.94066,12.3409148 23.94066,12.8931995 L23.94066,15.3368884 L26.2522624,15.3368884 C26.8045471,15.3368884 27.2522624,15.7846037 27.2522624,16.3368884 C27.2522624,16.8891732 26.8045471,17.3368884 26.2522624,17.3368884 L23.94066,17.3368884 L23.94066,19.8787952 C23.94066,20.43108 23.4929447,20.8787952 22.94066,20.8787952 C22.3883752,20.8787952 21.94066,20.43108 21.94066,19.8787952 L21.94066,17.3368884 L19.2666667,17.3368884 C18.7143819,17.3368884 18.2666667,16.8891732 18.2666667,16.3368884 C18.2666667,15.7846037 18.7143819,15.3368884 19.2666667,15.3368884 L21.94066,15.3368884 Z M8,12 C7.44771525,12 7,11.5522847 7,11 C7,10.4477153 7.44771525,10 8,10 L19.1153581,10 C19.6676429,10 20.1153581,10.4477153 20.1153581,11 C20.1153581,11.5522847 19.6676429,12 19.1153581,12 L8,12 Z M8,17.3368884 C7.44771525,17.3368884 7,16.8891732 7,16.3368884 C7,15.7846037 7.44771525,15.3368884 8,15.3368884 L14.7200696,15.3368884 C15.2723543,15.3368884 15.7200696,15.7846037 15.7200696,16.3368884 C15.7200696,16.8891732 15.2723543,17.3368884 14.7200696,17.3368884 L8,17.3368884 Z M8,23 C7.44771525,23 7,22.5522847 7,22 C7,21.4477153 7.44771525,21 8,21 L19.1153581,21 C19.6676429,21 20.1153581,21.4477153 20.1153581,22 C20.1153581,22.5522847 19.6676429,23 19.1153581,23 L8,23 Z" fill="#000000" fill-rule="nonzero"></path></g></g></svg></div> <div class="pdl-product-detail_list-tooltip"><p>Add item to shopping list</p> <em></em></div></button></div></div></div> <!----></li> <!----><!----> <!----> <!----> <!----> <li tabindex="-1" data-product-id="118847" class="slot mobile-product-list-cell"><!----> <!----> <!----> <!----> <div class="mobile-product-list-cell_content"><div><!----> <div class="flag_outer-container"><div class=""><svg xmlns="http://www.w3.org/2000/svg" aria-label="Sale" viewBox="0 0 32 32" role="presentation" aria-hidden="true" focusable="false" class="w-20 ml-3"><title lang="en">Sale</title><desc></desc><g fill="" stroke=""><g><path d="M16.56 19.87a3.81 3.81 0 0 1-1-.13l-13.39-3.5a1.5 1.5 0 0 1-1.12-1.34l-.81-11a1.52 1.52 0 0 1 1.39-1.61l27.69-2h.11a1.51 1.51 0 0 1 1.5 1.4l.82 11a1.52 1.52 0 0 1-.91 1.5l-12.72 5.36a3.79 3.79 0 0 1-1.56.32Z" fill="#ed1256"></path><path fill="#fff" d="M29.43.48a1.26 1.26 0 0 1 1.26 1.17l.82 11a1.27 1.27 0 0 1-.76 1.26L18 19.34a3.72 3.72 0 0 1-1.47.3 3.79 3.79 0 0 1-.94-.12L2.24 16a1.27 1.27 0 0 1-1-1.13l-.81-11a1.26 1.26 0 0 1 1.22-1.33L29.34.48h.09m0-.48h-.13L1.62 2A1.76 1.76 0 0 0 0 3.92l.82 11a1.73 1.73 0 0 0 1.3 1.55L15.5 20a4.3 4.3 0 0 0 1.07.14 4.24 4.24 0 0 0 1.65-.34l12.72-5.44A1.76 1.76 0 0 0 32 12.59l-.82-11A1.76 1.76 0 0 0 29.43 0Z"></path><path fill="#fff" d="M3.74 9.87a3 3 0 0 0 .82.55 2.21 2.21 0 0 0 1.08.19 1.6 1.6 0 0 0 .29 0 1 1 0 0 0 .26-.12.58.58 0 0 0 .18-.2.62.62 0 0 0 0-.31.59.59 0 0 0-.32-.49 3.38 3.38 0 0 0-.85-.34L4.84 9a4.19 4.19 0 0 1-.69-.26 2.44 2.44 0 0 1-.63-.41 1.92 1.92 0 0 1-.7-1.42 2.68 2.68 0 0 1 .1-1A2.2 2.2 0 0 1 3.39 5a2.42 2.42 0 0 1 .82-.6 3.15 3.15 0 0 1 1.17-.28 3.68 3.68 0 0 1 1.72.24 3 3 0 0 1 .57.29A2.66 2.66 0 0 1 8 5l-.82 1.37a4.42 4.42 0 0 0-.82-.45 2 2 0 0 0-.85-.13 1.4 1.4 0 0 0-.28.06A.9.9 0 0 0 5 6a.62.62 0 0 0-.16.2.5.5 0 0 0 0 .28.6.6 0 0 0 .1.31.68.68 0 0 0 .24.2 1.27 1.27 0 0 0 .35.15l.43.13.35.09a7.49 7.49 0 0 1 .69.22 2.2 2.2 0 0 1 .72.42 2.46 2.46 0 0 1 .54.68 2.31 2.31 0 0 1 .27 1 2.15 2.15 0 0 1-.15 1 2.53 2.53 0 0 1-.56.84 2.77 2.77 0 0 1-.88.59 4 4 0 0 1-1.11.27A4.67 4.67 0 0 1 4 12.25a3.79 3.79 0 0 1-1.28-.75ZM11.29 3.89l2.17-.16 3.1 7.7-2 .15L14 10l-2.39.18-.35 1.67-2 .14Zm2.15 4.6-1-2.84-.61 2.95ZM17 3.47l1.89-.14.44 6 3.3-.25.16 1.92-5.19.39ZM23.36 3l5.13-.38.13 1.8-3.24.24.09 1.22 2.66-.2.12 1.7-2.65.2.09 1.35 3.46-.26.13 1.81-5.34.4Z"></path></g></g></svg></div> <!----> <!----> <!----></div></div> <div class="mobile-product-list-cell_left"><div><!----> <img src="data:image/svg+xml;base64,PD94bWwgdmVyc2lvbj0iMS4wIiBlbmNvZGluZz0idXRmLTgiPz4KPCEtLSBHZW5lcmF0ZWQgYnkgSWNvTW9vbi5pbyAtLT4KPCFET0NUWVBFIHN2ZyBQVUJMSUMgIi0vL1czQy8vRFREIFNWRyAxLjEvL0VOIiAiaHR0cDovL3d3dy53My5vcmcvR3JhcGhpY3MvU1ZHLzEuMS9EVEQvc3ZnMTEuZHRkIj4KPHN2ZyB2ZXJzaW9uPSIxLjEiIHhtbG5zPSJodHRwOi8vd3d3LnczLm9yZy8yMDAwL3N2ZyIgeG1sbnM6eGxpbms9Imh0dHA6Ly93d3cudzMub3JnLzE5OTkveGxpbmsiIHdpZHRoPSI0OCIgaGVpZ2h0PSI0OCIgdmlld0JveD0iMCAwIDQ4IDQ4Ij4KPGcgaWQ9Imljb21vb24taWdub3JlIj4KCTxsaW5lIHN0cm9rZS13aWR0aD0iMSIgeDE9IiIgeTE9IiIgeDI9IiIgeTI9IiIgc3Ryb2tlPSIjNDQ5RkRCIiBvcGFjaXR5PSIiPjwvbGluZT4KPC9nPgoJPHBhdGggZD0iTTM4LjQ4IDkuMDcwYzAuMjQ4IDAgMC40NSAwLjIwMiAwLjQ1IDAuNDV2MjguOTU5YzAgMC4yNDgtMC4yMDIgMC40NS0wLjQ1IDAuNDVoLTI4Ljk1OWMtMC4yNDggMC0wLjQ1LTAuMjAyLTAuNDUtMC40NXYtMjguOTU5YzAtMC4yNDggMC4yMDItMC40NSAwLjQ1LTAuNDVoMjguOTU5ek0zOC40OCA4aC0yOC45NTljLTAuODQgMC0xLjUyIDAuNjgxLTEuNTIgMS41MjF2MjguOTU5YzAgMC44NCAwLjY4MSAxLjUyMSAxLjUyIDEuNTIxaDI4Ljk1OWMwLjg0IDAgMS41Mi0wLjY4MSAxLjUyLTEuNTIxdi0yOC45NTljMC0wLjg0LTAuNjgxLTEuNTIxLTEuNTItMS41MjF2MHoiIG9wYWNpdHk9IjEiIHZpc2liaWxpdHk9ImZhbHNlIiBmaWxsPSIjZDdkN2Q3Ij48L3BhdGg+Cgk8cGF0aCBkPSJNMTIuMjI4IDM1LjIyNHYtMy4zMjljMC0wLjE0NSAwLjA1OC0wLjI4NSAwLjE2LTAuMzg4bDUuNTg3LTUuNTg3YzAuMjE0LTAuMjE0IDAuNTYxLTAuMjE0IDAuNzc1IDBsMi4xMTkgMi4xMTljMC4yMTQgMC4yMTQgMC41NjEgMC4yMTQgMC43NzUgMGw4LjE5MS04LjE5MmMwLjIxNC0wLjIxNCAwLjU2MS0wLjIxNCAwLjc3NSAwbDUgNWMwLjEwMyAwLjEwMyAwLjE2IDAuMjQyIDAuMTYgMC4zODh2OS45ODhjMCAwLjMwMy0wLjI0NSAwLjU0OC0wLjU0OCAwLjU0OGgtMjIuNDQ3Yy0wLjMwMyAwLTAuNTQ4LTAuMjQ1LTAuNTQ4LTAuNTQ4eiIgb3BhY2l0eT0iMSIgdmlzaWJpbGl0eT0iZmFsc2UiIGZpbGw9IiNkN2Q3ZDciPjwvcGF0aD4KCTxwYXRoIGQ9Ik0yMS41NDQgMTcuOTY3YzAgMS45ODItMS42MDYgMy41ODgtMy41ODggMy41ODhzLTMuNTg4LTEuNjA2LTMuNTg4LTMuNTg4YzAtMS45ODEgMS42MDYtMy41ODggMy41ODgtMy41ODhzMy41ODggMS42MDYgMy41ODggMy41ODh6IiBvcGFjaXR5PSIxIiB2aXNpYmlsaXR5PSJmYWxzZSIgZmlsbD0iI2Q3ZDdkNyI+PC9wYXRoPgo8L3N2Zz4K" alt="Potatoes Red" skeleton-box-size="9rem" class="product-grid-image object-contain"></div></div> <div class="mobile-product-list-cell_info"><div class="product-tile_detail"><div class="skeleton-loader_wrapper cursor-pointer"><div class="product-grid-cell_price-container product-grid-cell_price-container_column product-grid-cell_price-container--mobile"><span class="product-grid-cell_main-price product-grid-cell_main-price--on-sale"><span class="sr-only">
      Sale Price
    </span>
    $3.99
  </span> <div class="product-grid-cell_was-container"><span class="product-grid-cell_regular-price product-grid-cell_regular-price--small"><span class="sr-only">
        Original Price
      </span>
      $4.79
    </span></div></div> <!----></div> <!----></div> <div class="mobile-product-list-cell_name-content"><div class="skeleton-loader_wrapper"><div class="product-grid-cell_name"><a id="product-name-118847-16760862580801309" href="#" data-opens-modal="true" aria-haspopup="dialog" class="product-grid-cell_name-text product-grid-cell_name-text--clamp-2"><!---->
    Potatoes Red
  </a></div> <!----> <!----></div> <div class="skeleton-loader_wrapper"><div class="product-grid-cell_sizes"><span class="product-grid-cell_size">
    5 LB BAG
  </span> <span aria-hidden="true">
    |
  </span> <!----> <span class="product-grid-cell_unit">
    $0.05 / OZ
  </span></div> <!----></div> <!----> <!----> <!----> <!----> <!----> <!----> <!----></div> <div class="mobile-product-list-cell_bottom"><div class="mobile-product-list-cell_bottom_cart-ui-wrapper"><!----> <!----> <div class="pdl-add-to-cart"><div class="pdl-add-to-cart_button"><button aria-label="Add to cart" data-product-id="118847" data-price="3.99" class="button button--add-to-cart add-sale">
      Add to cart
      <!----></button> <!----> <!----> <!----></div> <!----></div></div> <!----></div></div></div> <div class="product-tile_action-items"><!----> <!----> <div class="shopping-list-menu_container"><div class="relative-el"><button aria-label="add to shopping list" class="button pdl-product-detail_top-icon button--fourth pdl-product-detail_top-icon--borderless"><!----> <div class="vector-icon-size--large"><svg xmlns="http://www.w3.org/2000/svg" aria-label="Shopping List Icon Add" viewBox="0 0 32 32" role="presentation" aria-hidden="true" focusable="false" class="vector-icon-color--dark-grey"><title lang="en">Shopping List Icon Add</title><desc></desc><g fill="" stroke=""><g><path d="M21.94066,15.3368884 L21.94066,12.8931995 C21.94066,12.3409148 22.3883752,11.8931995 22.94066,11.8931995 C23.4929447,11.8931995 23.94066,12.3409148 23.94066,12.8931995 L23.94066,15.3368884 L26.2522624,15.3368884 C26.8045471,15.3368884 27.2522624,15.7846037 27.2522624,16.3368884 C27.2522624,16.8891732 26.8045471,17.3368884 26.2522624,17.3368884 L23.94066,17.3368884 L23.94066,19.8787952 C23.94066,20.43108 23.4929447,20.8787952 22.94066,20.8787952 C22.3883752,20.8787952 21.94066,20.43108 21.94066,19.8787952 L21.94066,17.3368884 L19.2666667,17.3368884 C18.7143819,17.3368884 18.2666667,16.8891732 18.2666667,16.3368884 C18.2666667,15.7846037 18.7143819,15.3368884 19.2666667,15.3368884 L21.94066,15.3368884 Z M8,12 C7.44771525,12 7,11.5522847 7,11 C7,10.4477153 7.44771525,10 8,10 L19.1153581,10 C19.6676429,10 20.1153581,10.4477153 20.1153581,11 C20.1153581,11.5522847 19.6676429,12 19.1153581,12 L8,12 Z M8,17.3368884 C7.44771525,17.3368884 7,16.8891732 7,16.3368884 C7,15.7846037 7.44771525,15.3368884 8,15.3368884 L14.7200696,15.3368884 C15.2723543,15.3368884 15.7200696,15.7846037 15.7200696,16.3368884 C15.7200696,16.8891732 15.2723543,17.3368884 14.7200696,17.3368884 L8,17.3368884 Z M8,23 C7.44771525,23 7,22.5522847 7,22 C7,21.4477153 7.44771525,21 8,21 L19.1153581,21 C19.6676429,21 20.1153581,21.4477153 20.1153581,22 C20.1153581,22.5522847 19.6676429,23 19.1153581,23 L8,23 Z" fill="#000000" fill-rule="nonzero"></path></g></g></svg></div> <div class="pdl-product-detail_list-tooltip"><p>Add item to shopping list</p> <em></em></div></button></div></div></div> <!----></li> <!----><!----> <!----> <!----> <!----> <li tabindex="-1" data-product-id="118752" class="slot mobile-product-list-cell"><!----> <!----> <!----> <!----> <div class="mobile-product-list-cell_content"><div><!----> <div class="flag_outer-container"><!----> <!----> <!----> <!----></div></div> <div class="mobile-product-list-cell_left"><div><!----> <img src="data:image/svg+xml;base64,PD94bWwgdmVyc2lvbj0iMS4wIiBlbmNvZGluZz0idXRmLTgiPz4KPCEtLSBHZW5lcmF0ZWQgYnkgSWNvTW9vbi5pbyAtLT4KPCFET0NUWVBFIHN2ZyBQVUJMSUMgIi0vL1czQy8vRFREIFNWRyAxLjEvL0VOIiAiaHR0cDovL3d3dy53My5vcmcvR3JhcGhpY3MvU1ZHLzEuMS9EVEQvc3ZnMTEuZHRkIj4KPHN2ZyB2ZXJzaW9uPSIxLjEiIHhtbG5zPSJodHRwOi8vd3d3LnczLm9yZy8yMDAwL3N2ZyIgeG1sbnM6eGxpbms9Imh0dHA6Ly93d3cudzMub3JnLzE5OTkveGxpbmsiIHdpZHRoPSI0OCIgaGVpZ2h0PSI0OCIgdmlld0JveD0iMCAwIDQ4IDQ4Ij4KPGcgaWQ9Imljb21vb24taWdub3JlIj4KCTxsaW5lIHN0cm9rZS13aWR0aD0iMSIgeDE9IiIgeTE9IiIgeDI9IiIgeTI9IiIgc3Ryb2tlPSIjNDQ5RkRCIiBvcGFjaXR5PSIiPjwvbGluZT4KPC9nPgoJPHBhdGggZD0iTTM4LjQ4IDkuMDcwYzAuMjQ4IDAgMC40NSAwLjIwMiAwLjQ1IDAuNDV2MjguOTU5YzAgMC4yNDgtMC4yMDIgMC40NS0wLjQ1IDAuNDVoLTI4Ljk1OWMtMC4yNDggMC0wLjQ1LTAuMjAyLTAuNDUtMC40NXYtMjguOTU5YzAtMC4yNDggMC4yMDItMC40NSAwLjQ1LTAuNDVoMjguOTU5ek0zOC40OCA4aC0yOC45NTljLTAuODQgMC0xLjUyIDAuNjgxLTEuNTIgMS41MjF2MjguOTU5YzAgMC44NCAwLjY4MSAxLjUyMSAxLjUyIDEuNTIxaDI4Ljk1OWMwLjg0IDAgMS41Mi0wLjY4MSAxLjUyLTEuNTIxdi0yOC45NTljMC0wLjg0LTAuNjgxLTEuNTIxLTEuNTItMS41MjF2MHoiIG9wYWNpdHk9IjEiIHZpc2liaWxpdHk9ImZhbHNlIiBmaWxsPSIjZDdkN2Q3Ij48L3BhdGg+Cgk8cGF0aCBkPSJNMTIuMjI4IDM1LjIyNHYtMy4zMjljMC0wLjE0NSAwLjA1OC0wLjI4NSAwLjE2LTAuMzg4bDUuNTg3LTUuNTg3YzAuMjE0LTAuMjE0IDAuNTYxLTAuMjE0IDAuNzc1IDBsMi4xMTkgMi4xMTljMC4yMTQgMC4yMTQgMC41NjEgMC4yMTQgMC43NzUgMGw4LjE5MS04LjE5MmMwLjIxNC0wLjIxNCAwLjU2MS0wLjIxNCAwLjc3NSAwbDUgNWMwLjEwMyAwLjEwMyAwLjE2IDAuMjQyIDAuMTYgMC4zODh2OS45ODhjMCAwLjMwMy0wLjI0NSAwLjU0OC0wLjU0OCAwLjU0OGgtMjIuNDQ3Yy0wLjMwMyAwLTAuNTQ4LTAuMjQ1LTAuNTQ4LTAuNTQ4eiIgb3BhY2l0eT0iMSIgdmlzaWJpbGl0eT0iZmFsc2UiIGZpbGw9IiNkN2Q3ZDciPjwvcGF0aD4KCTxwYXRoIGQ9Ik0yMS41NDQgMTcuOTY3YzAgMS45ODItMS42MDYgMy41ODgtMy41ODggMy41ODhzLTMuNTg4LTEuNjA2LTMuNTg4LTMuNTg4YzAtMS45ODEgMS42MDYtMy41ODggMy41ODgtMy41ODhzMy41ODggMS42MDYgMy41ODggMy41ODh6IiBvcGFjaXR5PSIxIiB2aXNpYmlsaXR5PSJmYWxzZSIgZmlsbD0iI2Q3ZDdkNyI+PC9wYXRoPgo8L3N2Zz4K" alt="Ginger Root" skeleton-box-size="9rem" class="product-grid-image object-contain"></div></div> <div class="mobile-product-list-cell_info"><div class="product-tile_detail"><div class="skeleton-loader_wrapper cursor-pointer"><div class="product-grid-cell_price-container product-grid-cell_price-container--mobile"><span class="product-grid-cell_main-price"><!---->
    $1.18
  </span> <!----></div> <!----></div> <!----></div> <div class="mobile-product-list-cell_name-content"><div class="skeleton-loader_wrapper"><div class="product-grid-cell_name"><a id="product-name-118752-16760862580854935" href="#" data-opens-modal="true" aria-haspopup="dialog" class="product-grid-cell_name-text product-grid-cell_name-text--clamp-2"><!---->
    Ginger Root
  </a></div> <!----> <!----></div> <div class="skeleton-loader_wrapper"><div class="product-grid-cell_sizes"><span class="product-grid-cell_size">
    APX 1/4 LB
  </span> <span aria-hidden="true">
    |
  </span> <!----> <span class="product-grid-cell_unit">
    $1.18 / EA
  </span></div> <!----></div> <!----> <!----> <!----> <!----> <!----> <!----> <!----></div> <div class="mobile-product-list-cell_bottom"><div class="mobile-product-list-cell_bottom_cart-ui-wrapper"><!----> <!----> <div class="pdl-add-to-cart"><div class="pdl-add-to-cart_button"><button aria-label="Add to cart" data-product-id="118752" data-price="1.18" class="button button--add-to-cart">
      Add to cart
      <!----></button> <!----> <!----> <!----></div> <!----></div></div> <!----></div></div></div> <div class="product-tile_action-items"><!----> <!----> <div class="shopping-list-menu_container"><div class="relative-el"><button aria-label="add to shopping list" class="button pdl-product-detail_top-icon button--fourth pdl-product-detail_top-icon--borderless"><!----> <div class="vector-icon-size--large"><svg xmlns="http://www.w3.org/2000/svg" aria-label="Shopping List Icon Add" viewBox="0 0 32 32" role="presentation" aria-hidden="true" focusable="false" class="vector-icon-color--dark-grey"><title lang="en">Shopping List Icon Add</title><desc></desc><g fill="" stroke=""><g><path d="M21.94066,15.3368884 L21.94066,12.8931995 C21.94066,12.3409148 22.3883752,11.8931995 22.94066,11.8931995 C23.4929447,11.8931995 23.94066,12.3409148 23.94066,12.8931995 L23.94066,15.3368884 L26.2522624,15.3368884 C26.8045471,15.3368884 27.2522624,15.7846037 27.2522624,16.3368884 C27.2522624,16.8891732 26.8045471,17.3368884 26.2522624,17.3368884 L23.94066,17.3368884 L23.94066,19.8787952 C23.94066,20.43108 23.4929447,20.8787952 22.94066,20.8787952 C22.3883752,20.8787952 21.94066,20.43108 21.94066,19.8787952 L21.94066,17.3368884 L19.2666667,17.3368884 C18.7143819,17.3368884 18.2666667,16.8891732 18.2666667,16.3368884 C18.2666667,15.7846037 18.7143819,15.3368884 19.2666667,15.3368884 L21.94066,15.3368884 Z M8,12 C7.44771525,12 7,11.5522847 7,11 C7,10.4477153 7.44771525,10 8,10 L19.1153581,10 C19.6676429,10 20.1153581,10.4477153 20.1153581,11 C20.1153581,11.5522847 19.6676429,12 19.1153581,12 L8,12 Z M8,17.3368884 C7.44771525,17.3368884 7,16.8891732 7,16.3368884 C7,15.7846037 7.44771525,15.3368884 8,15.3368884 L14.7200696,15.3368884 C15.2723543,15.3368884 15.7200696,15.7846037 15.7200696,16.3368884 C15.7200696,16.8891732 15.2723543,17.3368884 14.7200696,17.3368884 L8,17.3368884 Z M8,23 C7.44771525,23 7,22.5522847 7,22 C7,21.4477153 7.44771525,21 8,21 L19.1153581,21 C19.6676429,21 20.1153581,21.4477153 20.1153581,22 C20.1153581,22.5522847 19.6676429,23 19.1153581,23 L8,23 Z" fill="#000000" fill-rule="nonzero"></path></g></g></svg></div> <div class="pdl-product-detail_list-tooltip"><p>Add item to shopping list</p> <em></em></div></button></div></div></div> <!----></li> <!----><!----> <!----> <!----> <!----> <li tabindex="-1" data-product-id="136124" class="slot mobile-product-list-cell"><!----> <!----> <!----> <!----> <div class="mobile-product-list-cell_content"><div><!----> <div class="flag_outer-container"><!----> <!----> <!----> <!----></div></div> <div class="mobile-product-list-cell_left"><div><!----> <img src="data:image/svg+xml;base64,PD94bWwgdmVyc2lvbj0iMS4wIiBlbmNvZGluZz0idXRmLTgiPz4KPCEtLSBHZW5lcmF0ZWQgYnkgSWNvTW9vbi5pbyAtLT4KPCFET0NUWVBFIHN2ZyBQVUJMSUMgIi0vL1czQy8vRFREIFNWRyAxLjEvL0VOIiAiaHR0cDovL3d3dy53My5vcmcvR3JhcGhpY3MvU1ZHLzEuMS9EVEQvc3ZnMTEuZHRkIj4KPHN2ZyB2ZXJzaW9uPSIxLjEiIHhtbG5zPSJodHRwOi8vd3d3LnczLm9yZy8yMDAwL3N2ZyIgeG1sbnM6eGxpbms9Imh0dHA6Ly93d3cudzMub3JnLzE5OTkveGxpbmsiIHdpZHRoPSI0OCIgaGVpZ2h0PSI0OCIgdmlld0JveD0iMCAwIDQ4IDQ4Ij4KPGcgaWQ9Imljb21vb24taWdub3JlIj4KCTxsaW5lIHN0cm9rZS13aWR0aD0iMSIgeDE9IiIgeTE9IiIgeDI9IiIgeTI9IiIgc3Ryb2tlPSIjNDQ5RkRCIiBvcGFjaXR5PSIiPjwvbGluZT4KPC9nPgoJPHBhdGggZD0iTTM4LjQ4IDkuMDcwYzAuMjQ4IDAgMC40NSAwLjIwMiAwLjQ1IDAuNDV2MjguOTU5YzAgMC4yNDgtMC4yMDIgMC40NS0wLjQ1IDAuNDVoLTI4Ljk1OWMtMC4yNDggMC0wLjQ1LTAuMjAyLTAuNDUtMC40NXYtMjguOTU5YzAtMC4yNDggMC4yMDItMC40NSAwLjQ1LTAuNDVoMjguOTU5ek0zOC40OCA4aC0yOC45NTljLTAuODQgMC0xLjUyIDAuNjgxLTEuNTIgMS41MjF2MjguOTU5YzAgMC44NCAwLjY4MSAxLjUyMSAxLjUyIDEuNTIxaDI4Ljk1OWMwLjg0IDAgMS41Mi0wLjY4MSAxLjUyLTEuNTIxdi0yOC45NTljMC0wLjg0LTAuNjgxLTEuNTIxLTEuNTItMS41MjF2MHoiIG9wYWNpdHk9IjEiIHZpc2liaWxpdHk9ImZhbHNlIiBmaWxsPSIjZDdkN2Q3Ij48L3BhdGg+Cgk8cGF0aCBkPSJNMTIuMjI4IDM1LjIyNHYtMy4zMjljMC0wLjE0NSAwLjA1OC0wLjI4NSAwLjE2LTAuMzg4bDUuNTg3LTUuNTg3YzAuMjE0LTAuMjE0IDAuNTYxLTAuMjE0IDAuNzc1IDBsMi4xMTkgMi4xMTljMC4yMTQgMC4yMTQgMC41NjEgMC4yMTQgMC43NzUgMGw4LjE5MS04LjE5MmMwLjIxNC0wLjIxNCAwLjU2MS0wLjIxNCAwLjc3NSAwbDUgNWMwLjEwMyAwLjEwMyAwLjE2IDAuMjQyIDAuMTYgMC4zODh2OS45ODhjMCAwLjMwMy0wLjI0NSAwLjU0OC0wLjU0OCAwLjU0OGgtMjIuNDQ3Yy0wLjMwMyAwLTAuNTQ4LTAuMjQ1LTAuNTQ4LTAuNTQ4eiIgb3BhY2l0eT0iMSIgdmlzaWJpbGl0eT0iZmFsc2UiIGZpbGw9IiNkN2Q3ZDciPjwvcGF0aD4KCTxwYXRoIGQ9Ik0yMS41NDQgMTcuOTY3YzAgMS45ODItMS42MDYgMy41ODgtMy41ODggMy41ODhzLTMuNTg4LTEuNjA2LTMuNTg4LTMuNTg4YzAtMS45ODEgMS42MDYtMy41ODggMy41ODgtMy41ODhzMy41ODggMS42MDYgMy41ODggMy41ODh6IiBvcGFjaXR5PSIxIiB2aXNpYmlsaXR5PSJmYWxzZSIgZmlsbD0iI2Q3ZDdkNyI+PC9wYXRoPgo8L3N2Zz4K" alt="Thomas' English Muffins Multigrain Light 100 Calories - 6 ct" skeleton-box-size="9rem" class="product-grid-image object-contain"></div></div> <div class="mobile-product-list-cell_info"><div class="product-tile_detail"><div class="skeleton-loader_wrapper cursor-pointer"><div class="product-grid-cell_price-container product-grid-cell_price-container--mobile"><span class="product-grid-cell_main-price"><!---->
    $5.29
  </span> <!----></div> <!----></div> <!----></div> <div class="mobile-product-list-cell_name-content"><div class="skeleton-loader_wrapper"><div class="product-grid-cell_name"><a id="product-name-136124-16761547341743046" href="#" data-opens-modal="true" aria-haspopup="dialog" class="product-grid-cell_name-text product-grid-cell_name-text--clamp-2"><!---->
    Thomas' English Muffins Multigrain Light 100 Calories - 6 ct
  </a></div> <!----> <!----></div> <div class="skeleton-loader_wrapper"><div class="product-grid-cell_sizes"><span class="product-grid-cell_size">
    12 OZ PKG
  </span> <span aria-hidden="true">
    |
  </span> <!----> <span class="product-grid-cell_unit">
    $0.44 / OZ
  </span></div> <!----></div> <!----> <!----> <!----> <!----> <!----> <!----> <!----></div> <div class="mobile-product-list-cell_bottom"><div class="mobile-product-list-cell_bottom_cart-ui-wrapper"><!----> <!----> <div class="pdl-add-to-cart"><div class="pdl-add-to-cart_button"><button aria-label="Add to cart" data-product-id="136124" data-price="5.29" class="button button--add-to-cart">
      Add to cart
      <!----></button> <!----> <!----> <!----></div> <!----></div></div> <!----></div></div></div> <div class="product-tile_action-items"><!----> <!----> <div class="shopping-list-menu_container"><div class="relative-el"><button aria-label="add to shopping list" class="button pdl-product-detail_top-icon button--fourth pdl-product-detail_top-icon--borderless"><!----> <div class="vector-icon-size--large"><svg xmlns="http://www.w3.org/2000/svg" aria-label="Shopping List Icon Add" viewBox="0 0 32 32" role="presentation" aria-hidden="true" focusable="false" class="vector-icon-color--dark-grey"><title lang="en">Shopping List Icon Add</title><desc></desc><g fill="" stroke=""><g><path d="M21.94066,15.3368884 L21.94066,12.8931995 C21.94066,12.3409148 22.3883752,11.8931995 22.94066,11.8931995 C23.4929447,11.8931995 23.94066,12.3409148 23.94066,12.8931995 L23.94066,15.3368884 L26.2522624,15.3368884 C26.8045471,15.3368884 27.2522624,15.7846037 27.2522624,16.3368884 C27.2522624,16.8891732 26.8045471,17.3368884 26.2522624,17.3368884 L23.94066,17.3368884 L23.94066,19.8787952 C23.94066,20.43108 23.4929447,20.8787952 22.94066,20.8787952 C22.3883752,20.8787952 21.94066,20.43108 21.94066,19.8787952 L21.94066,17.3368884 L19.2666667,17.3368884 C18.7143819,17.3368884 18.2666667,16.8891732 18.2666667,16.3368884 C18.2666667,15.7846037 18.7143819,15.3368884 19.2666667,15.3368884 L21.94066,15.3368884 Z M8,12 C7.44771525,12 7,11.5522847 7,11 C7,10.4477153 7.44771525,10 8,10 L19.1153581,10 C19.6676429,10 20.1153581,10.4477153 20.1153581,11 C20.1153581,11.5522847 19.6676429,12 19.1153581,12 L8,12 Z M8,17.3368884 C7.44771525,17.3368884 7,16.8891732 7,16.3368884 C7,15.7846037 7.44771525,15.3368884 8,15.3368884 L14.7200696,15.3368884 C15.2723543,15.3368884 15.7200696,15.7846037 15.7200696,16.3368884 C15.7200696,16.8891732 15.2723543,17.3368884 14.7200696,17.3368884 L8,17.3368884 Z M8,23 C7.44771525,23 7,22.5522847 7,22 C7,21.4477153 7.44771525,21 8,21 L19.1153581,21 C19.6676429,21 20.1153581,21.4477153 20.1153581,22 C20.1153581,22.5522847 19.6676429,23 19.1153581,23 L8,23 Z" fill="#000000" fill-rule="nonzero"></path></g></g></svg></div> <div class="pdl-product-detail_list-tooltip"><p>Add item to shopping list</p> <em></em></div></button></div></div></div> <!----></li> <!----><!----> <!----> <!----> <!----> <li tabindex="-1" data-product-id="3937" class="slot mobile-product-list-cell"><!----> <!----> <!----> <!----> <div class="mobile-product-list-cell_content"><div><!----> <div class="flag_outer-container"><!----> <!----> <!----> <!----></div></div> <div class="mobile-product-list-cell_left"><div><!----> <img src="data:image/svg+xml;base64,PD94bWwgdmVyc2lvbj0iMS4wIiBlbmNvZGluZz0idXRmLTgiPz4KPCEtLSBHZW5lcmF0ZWQgYnkgSWNvTW9vbi5pbyAtLT4KPCFET0NUWVBFIHN2ZyBQVUJMSUMgIi0vL1czQy8vRFREIFNWRyAxLjEvL0VOIiAiaHR0cDovL3d3dy53My5vcmcvR3JhcGhpY3MvU1ZHLzEuMS9EVEQvc3ZnMTEuZHRkIj4KPHN2ZyB2ZXJzaW9uPSIxLjEiIHhtbG5zPSJodHRwOi8vd3d3LnczLm9yZy8yMDAwL3N2ZyIgeG1sbnM6eGxpbms9Imh0dHA6Ly93d3cudzMub3JnLzE5OTkveGxpbmsiIHdpZHRoPSI0OCIgaGVpZ2h0PSI0OCIgdmlld0JveD0iMCAwIDQ4IDQ4Ij4KPGcgaWQ9Imljb21vb24taWdub3JlIj4KCTxsaW5lIHN0cm9rZS13aWR0aD0iMSIgeDE9IiIgeTE9IiIgeDI9IiIgeTI9IiIgc3Ryb2tlPSIjNDQ5RkRCIiBvcGFjaXR5PSIiPjwvbGluZT4KPC9nPgoJPHBhdGggZD0iTTM4LjQ4IDkuMDcwYzAuMjQ4IDAgMC40NSAwLjIwMiAwLjQ1IDAuNDV2MjguOTU5YzAgMC4yNDgtMC4yMDIgMC40NS0wLjQ1IDAuNDVoLTI4Ljk1OWMtMC4yNDggMC0wLjQ1LTAuMjAyLTAuNDUtMC40NXYtMjguOTU5YzAtMC4yNDggMC4yMDItMC40NSAwLjQ1LTAuNDVoMjguOTU5ek0zOC40OCA4aC0yOC45NTljLTAuODQgMC0xLjUyIDAuNjgxLTEuNTIgMS41MjF2MjguOTU5YzAgMC44NCAwLjY4MSAxLjUyMSAxLjUyIDEuNTIxaDI4Ljk1OWMwLjg0IDAgMS41Mi0wLjY4MSAxLjUyLTEuNTIxdi0yOC45NTljMC0wLjg0LTAuNjgxLTEuNTIxLTEuNTItMS41MjF2MHoiIG9wYWNpdHk9IjEiIHZpc2liaWxpdHk9ImZhbHNlIiBmaWxsPSIjZDdkN2Q3Ij48L3BhdGg+Cgk8cGF0aCBkPSJNMTIuMjI4IDM1LjIyNHYtMy4zMjljMC0wLjE0NSAwLjA1OC0wLjI4NSAwLjE2LTAuMzg4bDUuNTg3LTUuNTg3YzAuMjE0LTAuMjE0IDAuNTYxLTAuMjE0IDAuNzc1IDBsMi4xMTkgMi4xMTljMC4yMTQgMC4yMTQgMC41NjEgMC4yMTQgMC43NzUgMGw4LjE5MS04LjE5MmMwLjIxNC0wLjIxNCAwLjU2MS0wLjIxNCAwLjc3NSAwbDUgNWMwLjEwMyAwLjEwMyAwLjE2IDAuMjQyIDAuMTYgMC4zODh2OS45ODhjMCAwLjMwMy0wLjI0NSAwLjU0OC0wLjU0OCAwLjU0OGgtMjIuNDQ3Yy0wLjMwMyAwLTAuNTQ4LTAuMjQ1LTAuNTQ4LTAuNTQ4eiIgb3BhY2l0eT0iMSIgdmlzaWJpbGl0eT0iZmFsc2UiIGZpbGw9IiNkN2Q3ZDciPjwvcGF0aD4KCTxwYXRoIGQ9Ik0yMS41NDQgMTcuOTY3YzAgMS45ODItMS42MDYgMy41ODgtMy41ODggMy41ODhzLTMuNTg4LTEuNjA2LTMuNTg4LTMuNTg4YzAtMS45ODEgMS42MDYtMy41ODggMy41ODgtMy41ODhzMy41ODggMS42MDYgMy41ODggMy41ODh6IiBvcGFjaXR5PSIxIiB2aXNpYmlsaXR5PSJmYWxzZSIgZmlsbD0iI2Q3ZDdkNyI+PC9wYXRoPgo8L3N2Zz4K" alt="Eggo Waffles Homestyle - 10 ct" skeleton-box-size="9rem" class="product-grid-image object-contain"></div></div> <div class="mobile-product-list-cell_info"><div class="product-tile_detail"><div class="skeleton-loader_wrapper cursor-pointer"><div class="product-grid-cell_price-container product-grid-cell_price-container--mobile"><span class="product-grid-cell_main-price"><!---->
    $3.39
  </span> <!----></div> <!----></div> <!----></div> <div class="mobile-product-list-cell_name-content"><div class="skeleton-loader_wrapper"><div class="product-grid-cell_name"><a id="product-name-3937-16761547344493497" href="#" data-opens-modal="true" aria-haspopup="dialog" class="product-grid-cell_name-text product-grid-cell_name-text--clamp-2"><!---->
    Eggo Waffles Homestyle - 10 ct
  </a></div> <!----> <!----></div> <div class="skeleton-loader_wrapper"><div class="product-grid-cell_sizes"><span class="product-grid-cell_size">
    12.3 OZ BOX
  </span> <span aria-hidden="true">
    |
  </span> <!----> <span class="product-grid-cell_unit">
    $0.28 / OZ
  </span></div> <!----></div> <!----> <!----> <!----> <!----> <!----> <!----> <!----></div> <div class="mobile-product-list-cell_bottom"><div class="mobile-product-list-cell_bottom_cart-ui-wrapper"><!----> <!----> <div class="pdl-add-to-cart"><div class="pdl-add-to-cart_button"><button aria-label="Add to cart" data-product-id="3937" data-price="3.39" class="button button--add-to-cart">
      Add to cart
      <!----></button> <!----> <!----> <!----></div> <!----></div></div> <!----></div></div></div> <div class="product-tile_action-items"><!----> <!----> <div class="shopping-list-menu_container"><div class="relative-el"><button aria-label="add to shopping list" class="button pdl-product-detail_top-icon button--fourth pdl-product-detail_top-icon--borderless"><!----> <div class="vector-icon-size--large"><svg xmlns="http://www.w3.org/2000/svg" aria-label="Shopping List Icon Add" viewBox="0 0 32 32" role="presentation" aria-hidden="true" focusable="false" class="vector-icon-color--dark-grey"><title lang="en">Shopping List Icon Add</title><desc></desc><g fill="" stroke=""><g><path d="M21.94066,15.3368884 L21.94066,12.8931995 C21.94066,12.3409148 22.3883752,11.8931995 22.94066,11.8931995 C23.4929447,11.8931995 23.94066,12.3409148 23.94066,12.8931995 L23.94066,15.3368884 L26.2522624,15.3368884 C26.8045471,15.3368884 27.2522624,15.7846037 27.2522624,16.3368884 C27.2522624,16.8891732 26.8045471,17.3368884 26.2522624,17.3368884 L23.94066,17.3368884 L23.94066,19.8787952 C23.94066,20.43108 23.4929447,20.8787952 22.94066,20.8787952 C22.3883752,20.8787952 21.94066,20.43108 21.94066,19.8787952 L21.94066,17.3368884 L19.2666667,17.3368884 C18.7143819,17.3368884 18.2666667,16.8891732 18.2666667,16.3368884 C18.2666667,15.7846037 18.7143819,15.3368884 19.2666667,15.3368884 L21.94066,15.3368884 Z M8,12 C7.44771525,12 7,11.5522847 7,11 C7,10.4477153 7.44771525,10 8,10 L19.1153581,10 C19.6676429,10 20.1153581,10.4477153 20.1153581,11 C20.1153581,11.5522847 19.6676429,12 19.1153581,12 L8,12 Z M8,17.3368884 C7.44771525,17.3368884 7,16.8891732 7,16.3368884 C7,15.7846037 7.44771525,15.3368884 8,15.3368884 L14.7200696,15.3368884 C15.2723543,15.3368884 15.7200696,15.7846037 15.7200696,16.3368884 C15.7200696,16.8891732 15.2723543,17.3368884 14.7200696,17.3368884 L8,17.3368884 Z M8,23 C7.44771525,23 7,22.5522847 7,22 C7,21.4477153 7.44771525,21 8,21 L19.1153581,21 C19.6676429,21 20.1153581,21.4477153 20.1153581,22 C20.1153581,22.5522847 19.6676429,23 19.1153581,23 L8,23 Z" fill="#000000" fill-rule="nonzero"></path></g></g></svg></div> <div class="pdl-product-detail_list-tooltip"><p>Add item to shopping list</p> <em></em></div></button></div></div></div> <!----></li> <!----><!----> <!----> <!----> <!----> <li tabindex="-1" data-product-id="159322" class="slot mobile-product-list-cell"><!----> <!----> <!----> <!----> <div class="mobile-product-list-cell_content"><div><!----> <div class="flag_outer-container"><div class=""><svg xmlns="http://www.w3.org/2000/svg" aria-label="Sale" viewBox="0 0 32 32" role="presentation" aria-hidden="true" focusable="false" class="w-20 ml-3"><title lang="en">Sale</title><desc></desc><g fill="" stroke=""><g><path d="M16.56 19.87a3.81 3.81 0 0 1-1-.13l-13.39-3.5a1.5 1.5 0 0 1-1.12-1.34l-.81-11a1.52 1.52 0 0 1 1.39-1.61l27.69-2h.11a1.51 1.51 0 0 1 1.5 1.4l.82 11a1.52 1.52 0 0 1-.91 1.5l-12.72 5.36a3.79 3.79 0 0 1-1.56.32Z" fill="#ed1256"></path><path fill="#fff" d="M29.43.48a1.26 1.26 0 0 1 1.26 1.17l.82 11a1.27 1.27 0 0 1-.76 1.26L18 19.34a3.72 3.72 0 0 1-1.47.3 3.79 3.79 0 0 1-.94-.12L2.24 16a1.27 1.27 0 0 1-1-1.13l-.81-11a1.26 1.26 0 0 1 1.22-1.33L29.34.48h.09m0-.48h-.13L1.62 2A1.76 1.76 0 0 0 0 3.92l.82 11a1.73 1.73 0 0 0 1.3 1.55L15.5 20a4.3 4.3 0 0 0 1.07.14 4.24 4.24 0 0 0 1.65-.34l12.72-5.44A1.76 1.76 0 0 0 32 12.59l-.82-11A1.76 1.76 0 0 0 29.43 0Z"></path><path fill="#fff" d="M3.74 9.87a3 3 0 0 0 .82.55 2.21 2.21 0 0 0 1.08.19 1.6 1.6 0 0 0 .29 0 1 1 0 0 0 .26-.12.58.58 0 0 0 .18-.2.62.62 0 0 0 0-.31.59.59 0 0 0-.32-.49 3.38 3.38 0 0 0-.85-.34L4.84 9a4.19 4.19 0 0 1-.69-.26 2.44 2.44 0 0 1-.63-.41 1.92 1.92 0 0 1-.7-1.42 2.68 2.68 0 0 1 .1-1A2.2 2.2 0 0 1 3.39 5a2.42 2.42 0 0 1 .82-.6 3.15 3.15 0 0 1 1.17-.28 3.68 3.68 0 0 1 1.72.24 3 3 0 0 1 .57.29A2.66 2.66 0 0 1 8 5l-.82 1.37a4.42 4.42 0 0 0-.82-.45 2 2 0 0 0-.85-.13 1.4 1.4 0 0 0-.28.06A.9.9 0 0 0 5 6a.62.62 0 0 0-.16.2.5.5 0 0 0 0 .28.6.6 0 0 0 .1.31.68.68 0 0 0 .24.2 1.27 1.27 0 0 0 .35.15l.43.13.35.09a7.49 7.49 0 0 1 .69.22 2.2 2.2 0 0 1 .72.42 2.46 2.46 0 0 1 .54.68 2.31 2.31 0 0 1 .27 1 2.15 2.15 0 0 1-.15 1 2.53 2.53 0 0 1-.56.84 2.77 2.77 0 0 1-.88.59 4 4 0 0 1-1.11.27A4.67 4.67 0 0 1 4 12.25a3.79 3.79 0 0 1-1.28-.75ZM11.29 3.89l2.17-.16 3.1 7.7-2 .15L14 10l-2.39.18-.35 1.67-2 .14Zm2.15 4.6-1-2.84-.61 2.95ZM17 3.47l1.89-.14.44 6 3.3-.25.16 1.92-5.19.39ZM23.36 3l5.13-.38.13 1.8-3.24.24.09 1.22 2.66-.2.12 1.7-2.65.2.09 1.35 3.46-.26.13 1.81-5.34.4Z"></path></g></g></svg></div> <!----> <!----> <!----></div></div> <div class="mobile-product-list-cell_left"><div><!----> <img src="data:image/svg+xml;base64,PD94bWwgdmVyc2lvbj0iMS4wIiBlbmNvZGluZz0idXRmLTgiPz4KPCEtLSBHZW5lcmF0ZWQgYnkgSWNvTW9vbi5pbyAtLT4KPCFET0NUWVBFIHN2ZyBQVUJMSUMgIi0vL1czQy8vRFREIFNWRyAxLjEvL0VOIiAiaHR0cDovL3d3dy53My5vcmcvR3JhcGhpY3MvU1ZHLzEuMS9EVEQvc3ZnMTEuZHRkIj4KPHN2ZyB2ZXJzaW9uPSIxLjEiIHhtbG5zPSJodHRwOi8vd3d3LnczLm9yZy8yMDAwL3N2ZyIgeG1sbnM6eGxpbms9Imh0dHA6Ly93d3cudzMub3JnLzE5OTkveGxpbmsiIHdpZHRoPSI0OCIgaGVpZ2h0PSI0OCIgdmlld0JveD0iMCAwIDQ4IDQ4Ij4KPGcgaWQ9Imljb21vb24taWdub3JlIj4KCTxsaW5lIHN0cm9rZS13aWR0aD0iMSIgeDE9IiIgeTE9IiIgeDI9IiIgeTI9IiIgc3Ryb2tlPSIjNDQ5RkRCIiBvcGFjaXR5PSIiPjwvbGluZT4KPC9nPgoJPHBhdGggZD0iTTM4LjQ4IDkuMDcwYzAuMjQ4IDAgMC40NSAwLjIwMiAwLjQ1IDAuNDV2MjguOTU5YzAgMC4yNDgtMC4yMDIgMC40NS0wLjQ1IDAuNDVoLTI4Ljk1OWMtMC4yNDggMC0wLjQ1LTAuMjAyLTAuNDUtMC40NXYtMjguOTU5YzAtMC4yNDggMC4yMDItMC40NSAwLjQ1LTAuNDVoMjguOTU5ek0zOC40OCA4aC0yOC45NTljLTAuODQgMC0xLjUyIDAuNjgxLTEuNTIgMS41MjF2MjguOTU5YzAgMC44NCAwLjY4MSAxLjUyMSAxLjUyIDEuNTIxaDI4Ljk1OWMwLjg0IDAgMS41Mi0wLjY4MSAxLjUyLTEuNTIxdi0yOC45NTljMC0wLjg0LTAuNjgxLTEuNTIxLTEuNTItMS41MjF2MHoiIG9wYWNpdHk9IjEiIHZpc2liaWxpdHk9ImZhbHNlIiBmaWxsPSIjZDdkN2Q3Ij48L3BhdGg+Cgk8cGF0aCBkPSJNMTIuMjI4IDM1LjIyNHYtMy4zMjljMC0wLjE0NSAwLjA1OC0wLjI4NSAwLjE2LTAuMzg4bDUuNTg3LTUuNTg3YzAuMjE0LTAuMjE0IDAuNTYxLTAuMjE0IDAuNzc1IDBsMi4xMTkgMi4xMTljMC4yMTQgMC4yMTQgMC41NjEgMC4yMTQgMC43NzUgMGw4LjE5MS04LjE5MmMwLjIxNC0wLjIxNCAwLjU2MS0wLjIxNCAwLjc3NSAwbDUgNWMwLjEwMyAwLjEwMyAwLjE2IDAuMjQyIDAuMTYgMC4zODh2OS45ODhjMCAwLjMwMy0wLjI0NSAwLjU0OC0wLjU0OCAwLjU0OGgtMjIuNDQ3Yy0wLjMwMyAwLTAuNTQ4LTAuMjQ1LTAuNTQ4LTAuNTQ4eiIgb3BhY2l0eT0iMSIgdmlzaWJpbGl0eT0iZmFsc2UiIGZpbGw9IiNkN2Q3ZDciPjwvcGF0aD4KCTxwYXRoIGQ9Ik0yMS41NDQgMTcuOTY3YzAgMS45ODItMS42MDYgMy41ODgtMy41ODggMy41ODhzLTMuNTg4LTEuNjA2LTMuNTg4LTMuNTg4YzAtMS45ODEgMS42MDYtMy41ODggMy41ODgtMy41ODhzMy41ODggMS42MDYgMy41ODggMy41ODh6IiBvcGFjaXR5PSIxIiB2aXNpYmlsaXR5PSJmYWxzZSIgZmlsbD0iI2Q3ZDdkNyI+PC9wYXRoPgo8L3N2Zz4K" alt="Stop &amp; Shop Seltzer Water Original" skeleton-box-size="9rem" class="product-grid-image object-contain"></div></div> <div class="mobile-product-list-cell_info"><div class="product-tile_detail"><div class="skeleton-loader_wrapper cursor-pointer"><div class="product-grid-cell_price-container product-grid-cell_price-container_column product-grid-cell_price-container--mobile"><span class="product-grid-cell_main-price product-grid-cell_main-price--on-sale"><span class="sr-only">
      Sale Price
    </span>
    $0.75
  </span> <div class="product-grid-cell_was-container"><span class="product-grid-cell_regular-price product-grid-cell_regular-price--small"><span class="sr-only">
        Original Price
      </span>
      $0.89
    </span></div></div> <!----></div> <!----></div> <div class="mobile-product-list-cell_name-content"><div class="skeleton-loader_wrapper"><div class="product-grid-cell_name"><a id="product-name-159322-16761547344508163" href="#" data-opens-modal="true" aria-haspopup="dialog" class="product-grid-cell_name-text product-grid-cell_name-text--clamp-2"><span class="vector-icon_inline-text--left mr-0"><div class="vector-icon-size--xsmall"><svg xmlns="http://www.w3.org/2000/svg" aria-label="Ahold Icon" viewBox="0 0 1024 945" role="presentation" aria-hidden="true" focusable="false" class=""><title lang="en">Ahold Icon</title><desc></desc><g fill="" stroke=""><g><path d="M1.893 730.617c-1.289-2.094-2.052-4.631-2.052-7.346 0-.747.058-1.481.169-2.197.158-12.396 10.227-22.466 22.687-22.634h895.306c12.476.168 22.545 10.237 22.713 22.698-.521 3.721-1.182 6.924-2.024 10.053l.131-.574c-86.363 175.072-263.598 293.385-468.466 293.385S88.254 905.689 3.252 733.663l-1.361-3.046z" fill="#F7A800" class="path1"></path> <path d="M107.889 132.495c1.893-1.893 1.893-3.786 3.786-5.678 2.98-3.491 7.385-5.69 12.303-5.69s9.323 2.199 12.284 5.668l.019.022L613.264 603.8c3.491 2.98 5.69 7.385 5.69 12.303s-2.199 9.323-5.668 12.284c-1.399 1.869-3.361 3.216-5.631 3.789l-.069.015c-38.446 13.732-82.796 21.669-129.001 21.669-108.416 0-206.626-43.699-277.977-114.443C130.241 467.591 86.799 369.1 86.799 260.462c0-45.803 7.722-89.803 21.936-130.767l-.845 2.8z" fill="#E2231A" class="path2"></path> <path d="M600.015 1.893a6.922 6.922 0 0 1 5.713-1.889c.057-.006.164-.007.272-.007 7.15 0 12.947 5.796 12.947 12.947 0 .108-.001.215-.004.322v-.016 503.482c.002.091.004.199.004.306 0 7.15-5.796 12.947-12.947 12.947-.108 0-.215-.001-.322-.004a6.925 6.925 0 0 1-5.665-1.895l.002.002c-98.273-48.542-164.673-148.065-164.673-263.098S501.743 50.434 598.306 2.657l1.709-.765z" fill="#712177" class="path3"></path> <path d="M938.824 283.919c1.893 0 1.893 1.893 3.786 1.893 1.765 2.012 2.841 4.666 2.841 7.571s-1.077 5.559-2.853 7.584l.011-.013-268.776 266.884c-2.012 1.765-4.666 2.841-7.571 2.841s-5.559-1.077-7.584-2.853a3.774 3.774 0 0 1-1.877-3.793l-.002.019c-7.681-21.529-12.12-46.363-12.12-72.235 0-61.263 24.891-116.712 65.111-156.786 39.326-39.792 93.895-64.431 154.219-64.431 26.857 0 52.573 4.884 76.309 13.812l-1.494-.493z" fill="#82BC00" class="path4"></path></g></g></svg></div></span>
    Stop &amp; Shop Seltzer Water Original
  </a></div> <!----> <!----></div> <div class="skeleton-loader_wrapper"><div class="product-grid-cell_sizes"><span class="product-grid-cell_size">
    1 LTR BTL
  </span> <span aria-hidden="true">
    |
  </span> <!----> <span class="product-grid-cell_unit">
    $0.02 / OZ
  </span></div> <!----></div> <!----> <!----> <!----> <!----> <!----> <!----> <!----></div> <div class="mobile-product-list-cell_bottom"><div class="mobile-product-list-cell_bottom_cart-ui-wrapper"><!----> <!----> <div class="pdl-add-to-cart"><div class="pdl-add-to-cart_button"><button aria-label="Add to cart" data-product-id="159322" data-price="0.75" class="button button--add-to-cart add-sale">
      Add to cart
      <!----></button> <!----> <!----> <!----></div> <!----></div></div> <!----></div></div></div> <div class="product-tile_action-items"><!----> <!----> <div class="shopping-list-menu_container"><div class="relative-el"><button aria-label="add to shopping list" class="button pdl-product-detail_top-icon button--fourth pdl-product-detail_top-icon--borderless"><!----> <div class="vector-icon-size--large"><svg xmlns="http://www.w3.org/2000/svg" aria-label="Shopping List Icon Add" viewBox="0 0 32 32" role="presentation" aria-hidden="true" focusable="false" class="vector-icon-color--dark-grey"><title lang="en">Shopping List Icon Add</title><desc></desc><g fill="" stroke=""><g><path d="M21.94066,15.3368884 L21.94066,12.8931995 C21.94066,12.3409148 22.3883752,11.8931995 22.94066,11.8931995 C23.4929447,11.8931995 23.94066,12.3409148 23.94066,12.8931995 L23.94066,15.3368884 L26.2522624,15.3368884 C26.8045471,15.3368884 27.2522624,15.7846037 27.2522624,16.3368884 C27.2522624,16.8891732 26.8045471,17.3368884 26.2522624,17.3368884 L23.94066,17.3368884 L23.94066,19.8787952 C23.94066,20.43108 23.4929447,20.8787952 22.94066,20.8787952 C22.3883752,20.8787952 21.94066,20.43108 21.94066,19.8787952 L21.94066,17.3368884 L19.2666667,17.3368884 C18.7143819,17.3368884 18.2666667,16.8891732 18.2666667,16.3368884 C18.2666667,15.7846037 18.7143819,15.3368884 19.2666667,15.3368884 L21.94066,15.3368884 Z M8,12 C7.44771525,12 7,11.5522847 7,11 C7,10.4477153 7.44771525,10 8,10 L19.1153581,10 C19.6676429,10 20.1153581,10.4477153 20.1153581,11 C20.1153581,11.5522847 19.6676429,12 19.1153581,12 L8,12 Z M8,17.3368884 C7.44771525,17.3368884 7,16.8891732 7,16.3368884 C7,15.7846037 7.44771525,15.3368884 8,15.3368884 L14.7200696,15.3368884 C15.2723543,15.3368884 15.7200696,15.7846037 15.7200696,16.3368884 C15.7200696,16.8891732 15.2723543,17.3368884 14.7200696,17.3368884 L8,17.3368884 Z M8,23 C7.44771525,23 7,22.5522847 7,22 C7,21.4477153 7.44771525,21 8,21 L19.1153581,21 C19.6676429,21 20.1153581,21.4477153 20.1153581,22 C20.1153581,22.5522847 19.6676429,23 19.1153581,23 L8,23 Z" fill="#000000" fill-rule="nonzero"></path></g></g></svg></div> <div class="pdl-product-detail_list-tooltip"><p>Add item to shopping list</p> <em></em></div></button></div></div></div> <!----></li> <!----><!----> <!----> <!----> <!----> <li tabindex="-1" data-product-id="226073" class="slot mobile-product-list-cell"><!----> <!----> <!----> <!----> <div class="mobile-product-list-cell_content"><div><!----> <div class="flag_outer-container"><div class=""><svg xmlns="http://www.w3.org/2000/svg" aria-label="Sale" viewBox="0 0 32 32" role="presentation" aria-hidden="true" focusable="false" class="w-20 ml-3"><title lang="en">Sale</title><desc></desc><g fill="" stroke=""><g><path d="M16.56 19.87a3.81 3.81 0 0 1-1-.13l-13.39-3.5a1.5 1.5 0 0 1-1.12-1.34l-.81-11a1.52 1.52 0 0 1 1.39-1.61l27.69-2h.11a1.51 1.51 0 0 1 1.5 1.4l.82 11a1.52 1.52 0 0 1-.91 1.5l-12.72 5.36a3.79 3.79 0 0 1-1.56.32Z" fill="#ed1256"></path><path fill="#fff" d="M29.43.48a1.26 1.26 0 0 1 1.26 1.17l.82 11a1.27 1.27 0 0 1-.76 1.26L18 19.34a3.72 3.72 0 0 1-1.47.3 3.79 3.79 0 0 1-.94-.12L2.24 16a1.27 1.27 0 0 1-1-1.13l-.81-11a1.26 1.26 0 0 1 1.22-1.33L29.34.48h.09m0-.48h-.13L1.62 2A1.76 1.76 0 0 0 0 3.92l.82 11a1.73 1.73 0 0 0 1.3 1.55L15.5 20a4.3 4.3 0 0 0 1.07.14 4.24 4.24 0 0 0 1.65-.34l12.72-5.44A1.76 1.76 0 0 0 32 12.59l-.82-11A1.76 1.76 0 0 0 29.43 0Z"></path><path fill="#fff" d="M3.74 9.87a3 3 0 0 0 .82.55 2.21 2.21 0 0 0 1.08.19 1.6 1.6 0 0 0 .29 0 1 1 0 0 0 .26-.12.58.58 0 0 0 .18-.2.62.62 0 0 0 0-.31.59.59 0 0 0-.32-.49 3.38 3.38 0 0 0-.85-.34L4.84 9a4.19 4.19 0 0 1-.69-.26 2.44 2.44 0 0 1-.63-.41 1.92 1.92 0 0 1-.7-1.42 2.68 2.68 0 0 1 .1-1A2.2 2.2 0 0 1 3.39 5a2.42 2.42 0 0 1 .82-.6 3.15 3.15 0 0 1 1.17-.28 3.68 3.68 0 0 1 1.72.24 3 3 0 0 1 .57.29A2.66 2.66 0 0 1 8 5l-.82 1.37a4.42 4.42 0 0 0-.82-.45 2 2 0 0 0-.85-.13 1.4 1.4 0 0 0-.28.06A.9.9 0 0 0 5 6a.62.62 0 0 0-.16.2.5.5 0 0 0 0 .28.6.6 0 0 0 .1.31.68.68 0 0 0 .24.2 1.27 1.27 0 0 0 .35.15l.43.13.35.09a7.49 7.49 0 0 1 .69.22 2.2 2.2 0 0 1 .72.42 2.46 2.46 0 0 1 .54.68 2.31 2.31 0 0 1 .27 1 2.15 2.15 0 0 1-.15 1 2.53 2.53 0 0 1-.56.84 2.77 2.77 0 0 1-.88.59 4 4 0 0 1-1.11.27A4.67 4.67 0 0 1 4 12.25a3.79 3.79 0 0 1-1.28-.75ZM11.29 3.89l2.17-.16 3.1 7.7-2 .15L14 10l-2.39.18-.35 1.67-2 .14Zm2.15 4.6-1-2.84-.61 2.95ZM17 3.47l1.89-.14.44 6 3.3-.25.16 1.92-5.19.39ZM23.36 3l5.13-.38.13 1.8-3.24.24.09 1.22 2.66-.2.12 1.7-2.65.2.09 1.35 3.46-.26.13 1.81-5.34.4Z"></path></g></g></svg></div> <!----> <!----> <!----></div></div> <div class="mobile-product-list-cell_left"><div><!----> <img src="data:image/svg+xml;base64,PD94bWwgdmVyc2lvbj0iMS4wIiBlbmNvZGluZz0idXRmLTgiPz4KPCEtLSBHZW5lcmF0ZWQgYnkgSWNvTW9vbi5pbyAtLT4KPCFET0NUWVBFIHN2ZyBQVUJMSUMgIi0vL1czQy8vRFREIFNWRyAxLjEvL0VOIiAiaHR0cDovL3d3dy53My5vcmcvR3JhcGhpY3MvU1ZHLzEuMS9EVEQvc3ZnMTEuZHRkIj4KPHN2ZyB2ZXJzaW9uPSIxLjEiIHhtbG5zPSJodHRwOi8vd3d3LnczLm9yZy8yMDAwL3N2ZyIgeG1sbnM6eGxpbms9Imh0dHA6Ly93d3cudzMub3JnLzE5OTkveGxpbmsiIHdpZHRoPSI0OCIgaGVpZ2h0PSI0OCIgdmlld0JveD0iMCAwIDQ4IDQ4Ij4KPGcgaWQ9Imljb21vb24taWdub3JlIj4KCTxsaW5lIHN0cm9rZS13aWR0aD0iMSIgeDE9IiIgeTE9IiIgeDI9IiIgeTI9IiIgc3Ryb2tlPSIjNDQ5RkRCIiBvcGFjaXR5PSIiPjwvbGluZT4KPC9nPgoJPHBhdGggZD0iTTM4LjQ4IDkuMDcwYzAuMjQ4IDAgMC40NSAwLjIwMiAwLjQ1IDAuNDV2MjguOTU5YzAgMC4yNDgtMC4yMDIgMC40NS0wLjQ1IDAuNDVoLTI4Ljk1OWMtMC4yNDggMC0wLjQ1LTAuMjAyLTAuNDUtMC40NXYtMjguOTU5YzAtMC4yNDggMC4yMDItMC40NSAwLjQ1LTAuNDVoMjguOTU5ek0zOC40OCA4aC0yOC45NTljLTAuODQgMC0xLjUyIDAuNjgxLTEuNTIgMS41MjF2MjguOTU5YzAgMC44NCAwLjY4MSAxLjUyMSAxLjUyIDEuNTIxaDI4Ljk1OWMwLjg0IDAgMS41Mi0wLjY4MSAxLjUyLTEuNTIxdi0yOC45NTljMC0wLjg0LTAuNjgxLTEuNTIxLTEuNTItMS41MjF2MHoiIG9wYWNpdHk9IjEiIHZpc2liaWxpdHk9ImZhbHNlIiBmaWxsPSIjZDdkN2Q3Ij48L3BhdGg+Cgk8cGF0aCBkPSJNMTIuMjI4IDM1LjIyNHYtMy4zMjljMC0wLjE0NSAwLjA1OC0wLjI4NSAwLjE2LTAuMzg4bDUuNTg3LTUuNTg3YzAuMjE0LTAuMjE0IDAuNTYxLTAuMjE0IDAuNzc1IDBsMi4xMTkgMi4xMTljMC4yMTQgMC4yMTQgMC41NjEgMC4yMTQgMC43NzUgMGw4LjE5MS04LjE5MmMwLjIxNC0wLjIxNCAwLjU2MS0wLjIxNCAwLjc3NSAwbDUgNWMwLjEwMyAwLjEwMyAwLjE2IDAuMjQyIDAuMTYgMC4zODh2OS45ODhjMCAwLjMwMy0wLjI0NSAwLjU0OC0wLjU0OCAwLjU0OGgtMjIuNDQ3Yy0wLjMwMyAwLTAuNTQ4LTAuMjQ1LTAuNTQ4LTAuNTQ4eiIgb3BhY2l0eT0iMSIgdmlzaWJpbGl0eT0iZmFsc2UiIGZpbGw9IiNkN2Q3ZDciPjwvcGF0aD4KCTxwYXRoIGQ9Ik0yMS41NDQgMTcuOTY3YzAgMS45ODItMS42MDYgMy41ODgtMy41ODggMy41ODhzLTMuNTg4LTEuNjA2LTMuNTg4LTMuNTg4YzAtMS45ODEgMS42MDYtMy41ODggMy41ODgtMy41ODhzMy41ODggMS42MDYgMy41ODggMy41ODh6IiBvcGFjaXR5PSIxIiB2aXNpYmlsaXR5PSJmYWxzZSIgZmlsbD0iI2Q3ZDdkNyI+PC9wYXRoPgo8L3N2Zz4K" alt="Stop &amp; Shop Chick Peas Low Sodium" skeleton-box-size="9rem" class="product-grid-image object-contain"></div></div> <div class="mobile-product-list-cell_info"><div class="product-tile_detail"><div class="skeleton-loader_wrapper cursor-pointer"><div class="product-grid-cell_price-container product-grid-cell_price-container_column product-grid-cell_price-container--mobile"><span class="product-grid-cell_main-price product-grid-cell_main-price--on-sale"><span class="sr-only">
      Sale Price
    </span>
    $0.88
  </span> <div class="product-grid-cell_was-container"><span class="product-grid-cell_regular-price product-grid-cell_regular-price--small"><span class="sr-only">
        Original Price
      </span>
      $1.09
    </span></div></div> <!----></div> <!----></div> <div class="mobile-product-list-cell_name-content"><div class="skeleton-loader_wrapper"><div class="product-grid-cell_name"><a id="product-name-226073-16761547344540521" href="#" data-opens-modal="true" aria-haspopup="dialog" class="product-grid-cell_name-text product-grid-cell_name-text--clamp-2"><span class="vector-icon_inline-text--left mr-0"><div class="vector-icon-size--xsmall"><svg xmlns="http://www.w3.org/2000/svg" aria-label="Ahold Icon" viewBox="0 0 1024 945" role="presentation" aria-hidden="true" focusable="false" class=""><title lang="en">Ahold Icon</title><desc></desc><g fill="" stroke=""><g><path d="M1.893 730.617c-1.289-2.094-2.052-4.631-2.052-7.346 0-.747.058-1.481.169-2.197.158-12.396 10.227-22.466 22.687-22.634h895.306c12.476.168 22.545 10.237 22.713 22.698-.521 3.721-1.182 6.924-2.024 10.053l.131-.574c-86.363 175.072-263.598 293.385-468.466 293.385S88.254 905.689 3.252 733.663l-1.361-3.046z" fill="#F7A800" class="path1"></path> <path d="M107.889 132.495c1.893-1.893 1.893-3.786 3.786-5.678 2.98-3.491 7.385-5.69 12.303-5.69s9.323 2.199 12.284 5.668l.019.022L613.264 603.8c3.491 2.98 5.69 7.385 5.69 12.303s-2.199 9.323-5.668 12.284c-1.399 1.869-3.361 3.216-5.631 3.789l-.069.015c-38.446 13.732-82.796 21.669-129.001 21.669-108.416 0-206.626-43.699-277.977-114.443C130.241 467.591 86.799 369.1 86.799 260.462c0-45.803 7.722-89.803 21.936-130.767l-.845 2.8z" fill="#E2231A" class="path2"></path> <path d="M600.015 1.893a6.922 6.922 0 0 1 5.713-1.889c.057-.006.164-.007.272-.007 7.15 0 12.947 5.796 12.947 12.947 0 .108-.001.215-.004.322v-.016 503.482c.002.091.004.199.004.306 0 7.15-5.796 12.947-12.947 12.947-.108 0-.215-.001-.322-.004a6.925 6.925 0 0 1-5.665-1.895l.002.002c-98.273-48.542-164.673-148.065-164.673-263.098S501.743 50.434 598.306 2.657l1.709-.765z" fill="#712177" class="path3"></path> <path d="M938.824 283.919c1.893 0 1.893 1.893 3.786 1.893 1.765 2.012 2.841 4.666 2.841 7.571s-1.077 5.559-2.853 7.584l.011-.013-268.776 266.884c-2.012 1.765-4.666 2.841-7.571 2.841s-5.559-1.077-7.584-2.853a3.774 3.774 0 0 1-1.877-3.793l-.002.019c-7.681-21.529-12.12-46.363-12.12-72.235 0-61.263 24.891-116.712 65.111-156.786 39.326-39.792 93.895-64.431 154.219-64.431 26.857 0 52.573 4.884 76.309 13.812l-1.494-.493z" fill="#82BC00" class="path4"></path></g></g></svg></div></span>
    Stop &amp; Shop Chick Peas Low Sodium
  </a></div> <!----> <!----></div> <div class="skeleton-loader_wrapper"><div class="product-grid-cell_sizes"><span class="product-grid-cell_size">
    15.5 OZ CAN
  </span> <span aria-hidden="true">
    |
  </span> <!----> <span class="product-grid-cell_unit">
    $0.06 / OZ
  </span></div> <!----></div> <!----> <!----> <!----> <!----> <!----> <!----> <!----></div> <div class="mobile-product-list-cell_bottom"><div class="mobile-product-list-cell_bottom_cart-ui-wrapper"><!----> <!----> <div class="pdl-add-to-cart"><div class="pdl-add-to-cart_button"><button aria-label="Add to cart" data-product-id="226073" data-price="0.88" class="button button--add-to-cart add-sale">
      Add to cart
      <!----></button> <!----> <!----> <!----></div> <!----></div></div> <!----></div></div></div> <div class="product-tile_action-items"><!----> <!----> <div class="shopping-list-menu_container"><div class="relative-el"><button aria-label="add to shopping list" class="button pdl-product-detail_top-icon button--fourth pdl-product-detail_top-icon--borderless"><!----> <div class="vector-icon-size--large"><svg xmlns="http://www.w3.org/2000/svg" aria-label="Shopping List Icon Add" viewBox="0 0 32 32" role="presentation" aria-hidden="true" focusable="false" class="vector-icon-color--dark-grey"><title lang="en">Shopping List Icon Add</title><desc></desc><g fill="" stroke=""><g><path d="M21.94066,15.3368884 L21.94066,12.8931995 C21.94066,12.3409148 22.3883752,11.8931995 22.94066,11.8931995 C23.4929447,11.8931995 23.94066,12.3409148 23.94066,12.8931995 L23.94066,15.3368884 L26.2522624,15.3368884 C26.8045471,15.3368884 27.2522624,15.7846037 27.2522624,16.3368884 C27.2522624,16.8891732 26.8045471,17.3368884 26.2522624,17.3368884 L23.94066,17.3368884 L23.94066,19.8787952 C23.94066,20.43108 23.4929447,20.8787952 22.94066,20.8787952 C22.3883752,20.8787952 21.94066,20.43108 21.94066,19.8787952 L21.94066,17.3368884 L19.2666667,17.3368884 C18.7143819,17.3368884 18.2666667,16.8891732 18.2666667,16.3368884 C18.2666667,15.7846037 18.7143819,15.3368884 19.2666667,15.3368884 L21.94066,15.3368884 Z M8,12 C7.44771525,12 7,11.5522847 7,11 C7,10.4477153 7.44771525,10 8,10 L19.1153581,10 C19.6676429,10 20.1153581,10.4477153 20.1153581,11 C20.1153581,11.5522847 19.6676429,12 19.1153581,12 L8,12 Z M8,17.3368884 C7.44771525,17.3368884 7,16.8891732 7,16.3368884 C7,15.7846037 7.44771525,15.3368884 8,15.3368884 L14.7200696,15.3368884 C15.2723543,15.3368884 15.7200696,15.7846037 15.7200696,16.3368884 C15.7200696,16.8891732 15.2723543,17.3368884 14.7200696,17.3368884 L8,17.3368884 Z M8,23 C7.44771525,23 7,22.5522847 7,22 C7,21.4477153 7.44771525,21 8,21 L19.1153581,21 C19.6676429,21 20.1153581,21.4477153 20.1153581,22 C20.1153581,22.5522847 19.6676429,23 19.1153581,23 L8,23 Z" fill="#000000" fill-rule="nonzero"></path></g></g></svg></div> <div class="pdl-product-detail_list-tooltip"><p>Add item to shopping list</p> <em></em></div></button></div></div></div> <!----></li> <!----><!----> <!----> <!----> <!----> <li tabindex="-1" data-product-id="113291" class="slot mobile-product-list-cell"><!----> <!----> <!----> <!----> <div class="mobile-product-list-cell_content"><div><!----> <div class="flag_outer-container"><!----> <!----> <!----> <!----></div></div> <div class="mobile-product-list-cell_left"><div><!----> <img src="data:image/svg+xml;base64,PD94bWwgdmVyc2lvbj0iMS4wIiBlbmNvZGluZz0idXRmLTgiPz4KPCEtLSBHZW5lcmF0ZWQgYnkgSWNvTW9vbi5pbyAtLT4KPCFET0NUWVBFIHN2ZyBQVUJMSUMgIi0vL1czQy8vRFREIFNWRyAxLjEvL0VOIiAiaHR0cDovL3d3dy53My5vcmcvR3JhcGhpY3MvU1ZHLzEuMS9EVEQvc3ZnMTEuZHRkIj4KPHN2ZyB2ZXJzaW9uPSIxLjEiIHhtbG5zPSJodHRwOi8vd3d3LnczLm9yZy8yMDAwL3N2ZyIgeG1sbnM6eGxpbms9Imh0dHA6Ly93d3cudzMub3JnLzE5OTkveGxpbmsiIHdpZHRoPSI0OCIgaGVpZ2h0PSI0OCIgdmlld0JveD0iMCAwIDQ4IDQ4Ij4KPGcgaWQ9Imljb21vb24taWdub3JlIj4KCTxsaW5lIHN0cm9rZS13aWR0aD0iMSIgeDE9IiIgeTE9IiIgeDI9IiIgeTI9IiIgc3Ryb2tlPSIjNDQ5RkRCIiBvcGFjaXR5PSIiPjwvbGluZT4KPC9nPgoJPHBhdGggZD0iTTM4LjQ4IDkuMDcwYzAuMjQ4IDAgMC40NSAwLjIwMiAwLjQ1IDAuNDV2MjguOTU5YzAgMC4yNDgtMC4yMDIgMC40NS0wLjQ1IDAuNDVoLTI4Ljk1OWMtMC4yNDggMC0wLjQ1LTAuMjAyLTAuNDUtMC40NXYtMjguOTU5YzAtMC4yNDggMC4yMDItMC40NSAwLjQ1LTAuNDVoMjguOTU5ek0zOC40OCA4aC0yOC45NTljLTAuODQgMC0xLjUyIDAuNjgxLTEuNTIgMS41MjF2MjguOTU5YzAgMC44NCAwLjY4MSAxLjUyMSAxLjUyIDEuNTIxaDI4Ljk1OWMwLjg0IDAgMS41Mi0wLjY4MSAxLjUyLTEuNTIxdi0yOC45NTljMC0wLjg0LTAuNjgxLTEuNTIxLTEuNTItMS41MjF2MHoiIG9wYWNpdHk9IjEiIHZpc2liaWxpdHk9ImZhbHNlIiBmaWxsPSIjZDdkN2Q3Ij48L3BhdGg+Cgk8cGF0aCBkPSJNMTIuMjI4IDM1LjIyNHYtMy4zMjljMC0wLjE0NSAwLjA1OC0wLjI4NSAwLjE2LTAuMzg4bDUuNTg3LTUuNTg3YzAuMjE0LTAuMjE0IDAuNTYxLTAuMjE0IDAuNzc1IDBsMi4xMTkgMi4xMTljMC4yMTQgMC4yMTQgMC41NjEgMC4yMTQgMC43NzUgMGw4LjE5MS04LjE5MmMwLjIxNC0wLjIxNCAwLjU2MS0wLjIxNCAwLjc3NSAwbDUgNWMwLjEwMyAwLjEwMyAwLjE2IDAuMjQyIDAuMTYgMC4zODh2OS45ODhjMCAwLjMwMy0wLjI0NSAwLjU0OC0wLjU0OCAwLjU0OGgtMjIuNDQ3Yy0wLjMwMyAwLTAuNTQ4LTAuMjQ1LTAuNTQ4LTAuNTQ4eiIgb3BhY2l0eT0iMSIgdmlzaWJpbGl0eT0iZmFsc2UiIGZpbGw9IiNkN2Q3ZDciPjwvcGF0aD4KCTxwYXRoIGQ9Ik0yMS41NDQgMTcuOTY3YzAgMS45ODItMS42MDYgMy41ODgtMy41ODggMy41ODhzLTMuNTg4LTEuNjA2LTMuNTg4LTMuNTg4YzAtMS45ODEgMS42MDYtMy41ODggMy41ODgtMy41ODhzMy41ODggMS42MDYgMy41ODggMy41ODh6IiBvcGFjaXR5PSIxIiB2aXNpYmlsaXR5PSJmYWxzZSIgZmlsbD0iI2Q3ZDdkNyI+PC9wYXRoPgo8L3N2Zz4K" alt="Boar's Head Deli American Cheese Yellow (Regular Sliced)" skeleton-box-size="9rem" class="product-grid-image object-contain"></div></div> <div class="mobile-product-list-cell_info"><div class="product-tile_detail"><div class="skeleton-loader_wrapper cursor-pointer"><div class="product-grid-cell_price-container product-grid-cell_price-container--mobile"><span class="product-grid-cell_main-price"><!---->
    $4.25
  </span> <!----></div> <!----></div> <!----></div> <div class="mobile-product-list-cell_name-content"><div class="skeleton-loader_wrapper"><div class="product-grid-cell_name"><a id="product-name-113291-16761547344554418" href="#" data-opens-modal="true" aria-haspopup="dialog" class="product-grid-cell_name-text product-grid-cell_name-text--clamp-2"><!---->
    Boar's Head Deli American Cheese Yellow (Regular Sliced)
  </a></div> <!----> <!----></div> <div class="skeleton-loader_wrapper"><div class="product-grid-cell_sizes"><span class="product-grid-cell_size">
    APX 1/2 LB
  </span> <span aria-hidden="true">
    |
  </span> <!----> <span class="product-grid-cell_unit">
    $8.49 / LB
  </span></div> <!----></div> <!----> <!----> <!----> <!----> <!----> <!----> <!----></div> <div class="mobile-product-list-cell_bottom"><div class="mobile-product-list-cell_bottom_cart-ui-wrapper"><!----> <!----> <div class="pdl-add-to-cart"><div class="pdl-add-to-cart_button"><button aria-label="Add to cart" data-product-id="113291" data-price="4.25" class="button button--add-to-cart">
      Add to cart
      <!----></button> <!----> <!----> <!----></div> <!----></div></div> <!----></div></div></div> <div class="product-tile_action-items"><!----> <!----> <div class="shopping-list-menu_container"><div class="relative-el"><button aria-label="add to shopping list" class="button pdl-product-detail_top-icon button--fourth pdl-product-detail_top-icon--borderless"><!----> <div class="vector-icon-size--large"><svg xmlns="http://www.w3.org/2000/svg" aria-label="Shopping List Icon Add" viewBox="0 0 32 32" role="presentation" aria-hidden="true" focusable="false" class="vector-icon-color--dark-grey"><title lang="en">Shopping List Icon Add</title><desc></desc><g fill="" stroke=""><g><path d="M21.94066,15.3368884 L21.94066,12.8931995 C21.94066,12.3409148 22.3883752,11.8931995 22.94066,11.8931995 C23.4929447,11.8931995 23.94066,12.3409148 23.94066,12.8931995 L23.94066,15.3368884 L26.2522624,15.3368884 C26.8045471,15.3368884 27.2522624,15.7846037 27.2522624,16.3368884 C27.2522624,16.8891732 26.8045471,17.3368884 26.2522624,17.3368884 L23.94066,17.3368884 L23.94066,19.8787952 C23.94066,20.43108 23.4929447,20.8787952 22.94066,20.8787952 C22.3883752,20.8787952 21.94066,20.43108 21.94066,19.8787952 L21.94066,17.3368884 L19.2666667,17.3368884 C18.7143819,17.3368884 18.2666667,16.8891732 18.2666667,16.3368884 C18.2666667,15.7846037 18.7143819,15.3368884 19.2666667,15.3368884 L21.94066,15.3368884 Z M8,12 C7.44771525,12 7,11.5522847 7,11 C7,10.4477153 7.44771525,10 8,10 L19.1153581,10 C19.6676429,10 20.1153581,10.4477153 20.1153581,11 C20.1153581,11.5522847 19.6676429,12 19.1153581,12 L8,12 Z M8,17.3368884 C7.44771525,17.3368884 7,16.8891732 7,16.3368884 C7,15.7846037 7.44771525,15.3368884 8,15.3368884 L14.7200696,15.3368884 C15.2723543,15.3368884 15.7200696,15.7846037 15.7200696,16.3368884 C15.7200696,16.8891732 15.2723543,17.3368884 14.7200696,17.3368884 L8,17.3368884 Z M8,23 C7.44771525,23 7,22.5522847 7,22 C7,21.4477153 7.44771525,21 8,21 L19.1153581,21 C19.6676429,21 20.1153581,21.4477153 20.1153581,22 C20.1153581,22.5522847 19.6676429,23 19.1153581,23 L8,23 Z" fill="#000000" fill-rule="nonzero"></path></g></g></svg></div> <div class="pdl-product-detail_list-tooltip"><p>Add item to shopping list</p> <em></em></div></button></div></div></div> <!----></li> <!----><!----> <!----> <!----> <!----> <li tabindex="-1" data-product-id="301913" class="slot mobile-product-list-cell"><!----> <!----> <!----> <!----> <div class="mobile-product-list-cell_content"><div><!----> <div class="flag_outer-container"><!----> <!----> <!----> <!----></div></div> <div class="mobile-product-list-cell_left"><div><!----> <img src="data:image/svg+xml;base64,PD94bWwgdmVyc2lvbj0iMS4wIiBlbmNvZGluZz0idXRmLTgiPz4KPCEtLSBHZW5lcmF0ZWQgYnkgSWNvTW9vbi5pbyAtLT4KPCFET0NUWVBFIHN2ZyBQVUJMSUMgIi0vL1czQy8vRFREIFNWRyAxLjEvL0VOIiAiaHR0cDovL3d3dy53My5vcmcvR3JhcGhpY3MvU1ZHLzEuMS9EVEQvc3ZnMTEuZHRkIj4KPHN2ZyB2ZXJzaW9uPSIxLjEiIHhtbG5zPSJodHRwOi8vd3d3LnczLm9yZy8yMDAwL3N2ZyIgeG1sbnM6eGxpbms9Imh0dHA6Ly93d3cudzMub3JnLzE5OTkveGxpbmsiIHdpZHRoPSI0OCIgaGVpZ2h0PSI0OCIgdmlld0JveD0iMCAwIDQ4IDQ4Ij4KPGcgaWQ9Imljb21vb24taWdub3JlIj4KCTxsaW5lIHN0cm9rZS13aWR0aD0iMSIgeDE9IiIgeTE9IiIgeDI9IiIgeTI9IiIgc3Ryb2tlPSIjNDQ5RkRCIiBvcGFjaXR5PSIiPjwvbGluZT4KPC9nPgoJPHBhdGggZD0iTTM4LjQ4IDkuMDcwYzAuMjQ4IDAgMC40NSAwLjIwMiAwLjQ1IDAuNDV2MjguOTU5YzAgMC4yNDgtMC4yMDIgMC40NS0wLjQ1IDAuNDVoLTI4Ljk1OWMtMC4yNDggMC0wLjQ1LTAuMjAyLTAuNDUtMC40NXYtMjguOTU5YzAtMC4yNDggMC4yMDItMC40NSAwLjQ1LTAuNDVoMjguOTU5ek0zOC40OCA4aC0yOC45NTljLTAuODQgMC0xLjUyIDAuNjgxLTEuNTIgMS41MjF2MjguOTU5YzAgMC44NCAwLjY4MSAxLjUyMSAxLjUyIDEuNTIxaDI4Ljk1OWMwLjg0IDAgMS41Mi0wLjY4MSAxLjUyLTEuNTIxdi0yOC45NTljMC0wLjg0LTAuNjgxLTEuNTIxLTEuNTItMS41MjF2MHoiIG9wYWNpdHk9IjEiIHZpc2liaWxpdHk9ImZhbHNlIiBmaWxsPSIjZDdkN2Q3Ij48L3BhdGg+Cgk8cGF0aCBkPSJNMTIuMjI4IDM1LjIyNHYtMy4zMjljMC0wLjE0NSAwLjA1OC0wLjI4NSAwLjE2LTAuMzg4bDUuNTg3LTUuNTg3YzAuMjE0LTAuMjE0IDAuNTYxLTAuMjE0IDAuNzc1IDBsMi4xMTkgMi4xMTljMC4yMTQgMC4yMTQgMC41NjEgMC4yMTQgMC43NzUgMGw4LjE5MS04LjE5MmMwLjIxNC0wLjIxNCAwLjU2MS0wLjIxNCAwLjc3NSAwbDUgNWMwLjEwMyAwLjEwMyAwLjE2IDAuMjQyIDAuMTYgMC4zODh2OS45ODhjMCAwLjMwMy0wLjI0NSAwLjU0OC0wLjU0OCAwLjU0OGgtMjIuNDQ3Yy0wLjMwMyAwLTAuNTQ4LTAuMjQ1LTAuNTQ4LTAuNTQ4eiIgb3BhY2l0eT0iMSIgdmlzaWJpbGl0eT0iZmFsc2UiIGZpbGw9IiNkN2Q3ZDciPjwvcGF0aD4KCTxwYXRoIGQ9Ik0yMS41NDQgMTcuOTY3YzAgMS45ODItMS42MDYgMy41ODgtMy41ODggMy41ODhzLTMuNTg4LTEuNjA2LTMuNTg4LTMuNTg4YzAtMS45ODEgMS42MDYtMy41ODggMy41ODgtMy41ODhzMy41ODggMS42MDYgMy41ODggMy41ODh6IiBvcGFjaXR5PSIxIiB2aXNpYmlsaXR5PSJmYWxzZSIgZmlsbD0iI2Q3ZDdkNyI+PC9wYXRoPgo8L3N2Zz4K" alt="Stop &amp; Shop Chicken Drumsticks All Natural Value Pack" skeleton-box-size="9rem" class="product-grid-image object-contain"></div></div> <div class="mobile-product-list-cell_info"><div class="product-tile_detail"><div class="skeleton-loader_wrapper cursor-pointer"><div class="product-grid-cell_price-container product-grid-cell_price-container--mobile"><span class="product-grid-cell_main-price"><!---->
    $7.56
  </span> <!----></div> <!----></div> <!----></div> <div class="mobile-product-list-cell_name-content"><div class="skeleton-loader_wrapper"><div class="product-grid-cell_name"><a id="product-name-301913-16761547344589447" href="#" data-opens-modal="true" aria-haspopup="dialog" class="product-grid-cell_name-text product-grid-cell_name-text--clamp-2"><span class="vector-icon_inline-text--left mr-0"><div class="vector-icon-size--xsmall"><svg xmlns="http://www.w3.org/2000/svg" aria-label="Ahold Icon" viewBox="0 0 1024 945" role="presentation" aria-hidden="true" focusable="false" class=""><title lang="en">Ahold Icon</title><desc></desc><g fill="" stroke=""><g><path d="M1.893 730.617c-1.289-2.094-2.052-4.631-2.052-7.346 0-.747.058-1.481.169-2.197.158-12.396 10.227-22.466 22.687-22.634h895.306c12.476.168 22.545 10.237 22.713 22.698-.521 3.721-1.182 6.924-2.024 10.053l.131-.574c-86.363 175.072-263.598 293.385-468.466 293.385S88.254 905.689 3.252 733.663l-1.361-3.046z" fill="#F7A800" class="path1"></path> <path d="M107.889 132.495c1.893-1.893 1.893-3.786 3.786-5.678 2.98-3.491 7.385-5.69 12.303-5.69s9.323 2.199 12.284 5.668l.019.022L613.264 603.8c3.491 2.98 5.69 7.385 5.69 12.303s-2.199 9.323-5.668 12.284c-1.399 1.869-3.361 3.216-5.631 3.789l-.069.015c-38.446 13.732-82.796 21.669-129.001 21.669-108.416 0-206.626-43.699-277.977-114.443C130.241 467.591 86.799 369.1 86.799 260.462c0-45.803 7.722-89.803 21.936-130.767l-.845 2.8z" fill="#E2231A" class="path2"></path> <path d="M600.015 1.893a6.922 6.922 0 0 1 5.713-1.889c.057-.006.164-.007.272-.007 7.15 0 12.947 5.796 12.947 12.947 0 .108-.001.215-.004.322v-.016 503.482c.002.091.004.199.004.306 0 7.15-5.796 12.947-12.947 12.947-.108 0-.215-.001-.322-.004a6.925 6.925 0 0 1-5.665-1.895l.002.002c-98.273-48.542-164.673-148.065-164.673-263.098S501.743 50.434 598.306 2.657l1.709-.765z" fill="#712177" class="path3"></path> <path d="M938.824 283.919c1.893 0 1.893 1.893 3.786 1.893 1.765 2.012 2.841 4.666 2.841 7.571s-1.077 5.559-2.853 7.584l.011-.013-268.776 266.884c-2.012 1.765-4.666 2.841-7.571 2.841s-5.559-1.077-7.584-2.853a3.774 3.774 0 0 1-1.877-3.793l-.002.019c-7.681-21.529-12.12-46.363-12.12-72.235 0-61.263 24.891-116.712 65.111-156.786 39.326-39.792 93.895-64.431 154.219-64.431 26.857 0 52.573 4.884 76.309 13.812l-1.494-.493z" fill="#82BC00" class="path4"></path></g></g></svg></div></span>
    Stop &amp; Shop Chicken Drumsticks All Natural Value Pack
  </a></div> <!----> <!----></div> <div class="skeleton-loader_wrapper"><div class="product-grid-cell_sizes"><span class="product-grid-cell_size">
    APX 4 LB
  </span> <span aria-hidden="true">
    |
  </span> <!----> <span class="product-grid-cell_unit">
    $1.89 / LB
  </span></div> <!----></div> <!----> <!----> <!----> <!----> <!----> <!----> <!----></div> <div class="mobile-product-list-cell_bottom"><div class="mobile-product-list-cell_bottom_cart-ui-wrapper"><!----> <!----> <div class="pdl-add-to-cart"><div class="pdl-add-to-cart_button"><button aria-label="Add to cart" data-product-id="301913" data-price="7.56" class="button button--add-to-cart">
      Add to cart
      <!----></button> <!----> <!----> <!----></div> <!----></div></div> <!----></div></div></div> <div class="product-tile_action-items"><!----> <!----> <div class="shopping-list-menu_container"><div class="relative-el"><button aria-label="add to shopping list" class="button pdl-product-detail_top-icon button--fourth pdl-product-detail_top-icon--borderless"><!----> <div class="vector-icon-size--large"><svg xmlns="http://www.w3.org/2000/svg" aria-label="Shopping List Icon Add" viewBox="0 0 32 32" role="presentation" aria-hidden="true" focusable="false" class="vector-icon-color--dark-grey"><title lang="en">Shopping List Icon Add</title><desc></desc><g fill="" stroke=""><g><path d="M21.94066,15.3368884 L21.94066,12.8931995 C21.94066,12.3409148 22.3883752,11.8931995 22.94066,11.8931995 C23.4929447,11.8931995 23.94066,12.3409148 23.94066,12.8931995 L23.94066,15.3368884 L26.2522624,15.3368884 C26.8045471,15.3368884 27.2522624,15.7846037 27.2522624,16.3368884 C27.2522624,16.8891732 26.8045471,17.3368884 26.2522624,17.3368884 L23.94066,17.3368884 L23.94066,19.8787952 C23.94066,20.43108 23.4929447,20.8787952 22.94066,20.8787952 C22.3883752,20.8787952 21.94066,20.43108 21.94066,19.8787952 L21.94066,17.3368884 L19.2666667,17.3368884 C18.7143819,17.3368884 18.2666667,16.8891732 18.2666667,16.3368884 C18.2666667,15.7846037 18.7143819,15.3368884 19.2666667,15.3368884 L21.94066,15.3368884 Z M8,12 C7.44771525,12 7,11.5522847 7,11 C7,10.4477153 7.44771525,10 8,10 L19.1153581,10 C19.6676429,10 20.1153581,10.4477153 20.1153581,11 C20.1153581,11.5522847 19.6676429,12 19.1153581,12 L8,12 Z M8,17.3368884 C7.44771525,17.3368884 7,16.8891732 7,16.3368884 C7,15.7846037 7.44771525,15.3368884 8,15.3368884 L14.7200696,15.3368884 C15.2723543,15.3368884 15.7200696,15.7846037 15.7200696,16.3368884 C15.7200696,16.8891732 15.2723543,17.3368884 14.7200696,17.3368884 L8,17.3368884 Z M8,23 C7.44771525,23 7,22.5522847 7,22 C7,21.4477153 7.44771525,21 8,21 L19.1153581,21 C19.6676429,21 20.1153581,21.4477153 20.1153581,22 C20.1153581,22.5522847 19.6676429,23 19.1153581,23 L8,23 Z" fill="#000000" fill-rule="nonzero"></path></g></g></svg></div> <div class="pdl-product-detail_list-tooltip"><p>Add item to shopping list</p> <em></em></div></button></div></div></div> <!----></li> <!----><!----> <!----> <!----> <!----> <li tabindex="-1" data-product-id="266278" class="slot mobile-product-list-cell"><!----> <!----> <!----> <!----> <div class="mobile-product-list-cell_content"><div><!----> <div class="flag_outer-container"><!----> <!----> <!----> <!----></div></div> <div class="mobile-product-list-cell_left"><div><!----> <img src="data:image/svg+xml;base64,PD94bWwgdmVyc2lvbj0iMS4wIiBlbmNvZGluZz0idXRmLTgiPz4KPCEtLSBHZW5lcmF0ZWQgYnkgSWNvTW9vbi5pbyAtLT4KPCFET0NUWVBFIHN2ZyBQVUJMSUMgIi0vL1czQy8vRFREIFNWRyAxLjEvL0VOIiAiaHR0cDovL3d3dy53My5vcmcvR3JhcGhpY3MvU1ZHLzEuMS9EVEQvc3ZnMTEuZHRkIj4KPHN2ZyB2ZXJzaW9uPSIxLjEiIHhtbG5zPSJodHRwOi8vd3d3LnczLm9yZy8yMDAwL3N2ZyIgeG1sbnM6eGxpbms9Imh0dHA6Ly93d3cudzMub3JnLzE5OTkveGxpbmsiIHdpZHRoPSI0OCIgaGVpZ2h0PSI0OCIgdmlld0JveD0iMCAwIDQ4IDQ4Ij4KPGcgaWQ9Imljb21vb24taWdub3JlIj4KCTxsaW5lIHN0cm9rZS13aWR0aD0iMSIgeDE9IiIgeTE9IiIgeDI9IiIgeTI9IiIgc3Ryb2tlPSIjNDQ5RkRCIiBvcGFjaXR5PSIiPjwvbGluZT4KPC9nPgoJPHBhdGggZD0iTTM4LjQ4IDkuMDcwYzAuMjQ4IDAgMC40NSAwLjIwMiAwLjQ1IDAuNDV2MjguOTU5YzAgMC4yNDgtMC4yMDIgMC40NS0wLjQ1IDAuNDVoLTI4Ljk1OWMtMC4yNDggMC0wLjQ1LTAuMjAyLTAuNDUtMC40NXYtMjguOTU5YzAtMC4yNDggMC4yMDItMC40NSAwLjQ1LTAuNDVoMjguOTU5ek0zOC40OCA4aC0yOC45NTljLTAuODQgMC0xLjUyIDAuNjgxLTEuNTIgMS41MjF2MjguOTU5YzAgMC44NCAwLjY4MSAxLjUyMSAxLjUyIDEuNTIxaDI4Ljk1OWMwLjg0IDAgMS41Mi0wLjY4MSAxLjUyLTEuNTIxdi0yOC45NTljMC0wLjg0LTAuNjgxLTEuNTIxLTEuNTItMS41MjF2MHoiIG9wYWNpdHk9IjEiIHZpc2liaWxpdHk9ImZhbHNlIiBmaWxsPSIjZDdkN2Q3Ij48L3BhdGg+Cgk8cGF0aCBkPSJNMTIuMjI4IDM1LjIyNHYtMy4zMjljMC0wLjE0NSAwLjA1OC0wLjI4NSAwLjE2LTAuMzg4bDUuNTg3LTUuNTg3YzAuMjE0LTAuMjE0IDAuNTYxLTAuMjE0IDAuNzc1IDBsMi4xMTkgMi4xMTljMC4yMTQgMC4yMTQgMC41NjEgMC4yMTQgMC43NzUgMGw4LjE5MS04LjE5MmMwLjIxNC0wLjIxNCAwLjU2MS0wLjIxNCAwLjc3NSAwbDUgNWMwLjEwMyAwLjEwMyAwLjE2IDAuMjQyIDAuMTYgMC4zODh2OS45ODhjMCAwLjMwMy0wLjI0NSAwLjU0OC0wLjU0OCAwLjU0OGgtMjIuNDQ3Yy0wLjMwMyAwLTAuNTQ4LTAuMjQ1LTAuNTQ4LTAuNTQ4eiIgb3BhY2l0eT0iMSIgdmlzaWJpbGl0eT0iZmFsc2UiIGZpbGw9IiNkN2Q3ZDciPjwvcGF0aD4KCTxwYXRoIGQ9Ik0yMS41NDQgMTcuOTY3YzAgMS45ODItMS42MDYgMy41ODgtMy41ODggMy41ODhzLTMuNTg4LTEuNjA2LTMuNTg4LTMuNTg4YzAtMS45ODEgMS42MDYtMy41ODggMy41ODgtMy41ODhzMy41ODggMS42MDYgMy41ODggMy41ODh6IiBvcGFjaXR5PSIxIiB2aXNpYmlsaXR5PSJmYWxzZSIgZmlsbD0iI2Q3ZDdkNyI+PC9wYXRoPgo8L3N2Zz4K" alt="Chobani Flip Greek Yogurt Cookie Dough" skeleton-box-size="9rem" class="product-grid-image object-contain"></div></div> <div class="mobile-product-list-cell_info"><div class="product-tile_detail"><div class="skeleton-loader_wrapper cursor-pointer"><div class="product-grid-cell_price-container product-grid-cell_price-container--mobile"><span class="product-grid-cell_main-price"><!---->
    $1.89
  </span> <!----></div> <!----></div> <!----></div> <div class="mobile-product-list-cell_name-content"><div class="skeleton-loader_wrapper"><div class="product-grid-cell_name"><a id="product-name-266278-16761547344614563" href="#" data-opens-modal="true" aria-haspopup="dialog" class="product-grid-cell_name-text product-grid-cell_name-text--clamp-2"><!---->
    Chobani Flip Greek Yogurt Cookie Dough
  </a></div> <!----> <!----></div> <div class="skeleton-loader_wrapper"><div class="product-grid-cell_sizes"><span class="product-grid-cell_size">
    4.5 OZ CUP
  </span> <span aria-hidden="true">
    |
  </span> <!----> <span class="product-grid-cell_unit">
    $0.42 / OZ
  </span></div> <!----></div> <!----> <!----> <!----> <!----> <!----> <!----> <!----></div> <div class="mobile-product-list-cell_bottom"><div class="mobile-product-list-cell_bottom_cart-ui-wrapper"><!----> <!----> <div class="pdl-add-to-cart"><div class="pdl-add-to-cart_button"><button aria-label="Add to cart" data-product-id="266278" data-price="1.89" class="button button--add-to-cart">
      Add to cart
      <!----></button> <!----> <!----> <!----></div> <!----></div></div> <!----></div></div></div> <div class="product-tile_action-items"><!----> <!----> <div class="shopping-list-menu_container"><div class="relative-el"><button aria-label="add to shopping list" class="button pdl-product-detail_top-icon button--fourth pdl-product-detail_top-icon--borderless"><!----> <div class="vector-icon-size--large"><svg xmlns="http://www.w3.org/2000/svg" aria-label="Shopping List Icon Add" viewBox="0 0 32 32" role="presentation" aria-hidden="true" focusable="false" class="vector-icon-color--dark-grey"><title lang="en">Shopping List Icon Add</title><desc></desc><g fill="" stroke=""><g><path d="M21.94066,15.3368884 L21.94066,12.8931995 C21.94066,12.3409148 22.3883752,11.8931995 22.94066,11.8931995 C23.4929447,11.8931995 23.94066,12.3409148 23.94066,12.8931995 L23.94066,15.3368884 L26.2522624,15.3368884 C26.8045471,15.3368884 27.2522624,15.7846037 27.2522624,16.3368884 C27.2522624,16.8891732 26.8045471,17.3368884 26.2522624,17.3368884 L23.94066,17.3368884 L23.94066,19.8787952 C23.94066,20.43108 23.4929447,20.8787952 22.94066,20.8787952 C22.3883752,20.8787952 21.94066,20.43108 21.94066,19.8787952 L21.94066,17.3368884 L19.2666667,17.3368884 C18.7143819,17.3368884 18.2666667,16.8891732 18.2666667,16.3368884 C18.2666667,15.7846037 18.7143819,15.3368884 19.2666667,15.3368884 L21.94066,15.3368884 Z M8,12 C7.44771525,12 7,11.5522847 7,11 C7,10.4477153 7.44771525,10 8,10 L19.1153581,10 C19.6676429,10 20.1153581,10.4477153 20.1153581,11 C20.1153581,11.5522847 19.6676429,12 19.1153581,12 L8,12 Z M8,17.3368884 C7.44771525,17.3368884 7,16.8891732 7,16.3368884 C7,15.7846037 7.44771525,15.3368884 8,15.3368884 L14.7200696,15.3368884 C15.2723543,15.3368884 15.7200696,15.7846037 15.7200696,16.3368884 C15.7200696,16.8891732 15.2723543,17.3368884 14.7200696,17.3368884 L8,17.3368884 Z M8,23 C7.44771525,23 7,22.5522847 7,22 C7,21.4477153 7.44771525,21 8,21 L19.1153581,21 C19.6676429,21 20.1153581,21.4477153 20.1153581,22 C20.1153581,22.5522847 19.6676429,23 19.1153581,23 L8,23 Z" fill="#000000" fill-rule="nonzero"></path></g></g></svg></div> <div class="pdl-product-detail_list-tooltip"><p>Add item to shopping list</p> <em></em></div></button></div></div></div> <!----></li> <!----><!----> <!----> <!----> <!----> <li tabindex="-1" data-product-id="100483" class="slot mobile-product-list-cell"><!----> <!----> <!----> <!----> <div class="mobile-product-list-cell_content"><div><!----> <div class="flag_outer-container"><!----> <!----> <!----> <!----></div></div> <div class="mobile-product-list-cell_left"><div><!----> <img src="data:image/svg+xml;base64,PD94bWwgdmVyc2lvbj0iMS4wIiBlbmNvZGluZz0idXRmLTgiPz4KPCEtLSBHZW5lcmF0ZWQgYnkgSWNvTW9vbi5pbyAtLT4KPCFET0NUWVBFIHN2ZyBQVUJMSUMgIi0vL1czQy8vRFREIFNWRyAxLjEvL0VOIiAiaHR0cDovL3d3dy53My5vcmcvR3JhcGhpY3MvU1ZHLzEuMS9EVEQvc3ZnMTEuZHRkIj4KPHN2ZyB2ZXJzaW9uPSIxLjEiIHhtbG5zPSJodHRwOi8vd3d3LnczLm9yZy8yMDAwL3N2ZyIgeG1sbnM6eGxpbms9Imh0dHA6Ly93d3cudzMub3JnLzE5OTkveGxpbmsiIHdpZHRoPSI0OCIgaGVpZ2h0PSI0OCIgdmlld0JveD0iMCAwIDQ4IDQ4Ij4KPGcgaWQ9Imljb21vb24taWdub3JlIj4KCTxsaW5lIHN0cm9rZS13aWR0aD0iMSIgeDE9IiIgeTE9IiIgeDI9IiIgeTI9IiIgc3Ryb2tlPSIjNDQ5RkRCIiBvcGFjaXR5PSIiPjwvbGluZT4KPC9nPgoJPHBhdGggZD0iTTM4LjQ4IDkuMDcwYzAuMjQ4IDAgMC40NSAwLjIwMiAwLjQ1IDAuNDV2MjguOTU5YzAgMC4yNDgtMC4yMDIgMC40NS0wLjQ1IDAuNDVoLTI4Ljk1OWMtMC4yNDggMC0wLjQ1LTAuMjAyLTAuNDUtMC40NXYtMjguOTU5YzAtMC4yNDggMC4yMDItMC40NSAwLjQ1LTAuNDVoMjguOTU5ek0zOC40OCA4aC0yOC45NTljLTAuODQgMC0xLjUyIDAuNjgxLTEuNTIgMS41MjF2MjguOTU5YzAgMC44NCAwLjY4MSAxLjUyMSAxLjUyIDEuNTIxaDI4Ljk1OWMwLjg0IDAgMS41Mi0wLjY4MSAxLjUyLTEuNTIxdi0yOC45NTljMC0wLjg0LTAuNjgxLTEuNTIxLTEuNTItMS41MjF2MHoiIG9wYWNpdHk9IjEiIHZpc2liaWxpdHk9ImZhbHNlIiBmaWxsPSIjZDdkN2Q3Ij48L3BhdGg+Cgk8cGF0aCBkPSJNMTIuMjI4IDM1LjIyNHYtMy4zMjljMC0wLjE0NSAwLjA1OC0wLjI4NSAwLjE2LTAuMzg4bDUuNTg3LTUuNTg3YzAuMjE0LTAuMjE0IDAuNTYxLTAuMjE0IDAuNzc1IDBsMi4xMTkgMi4xMTljMC4yMTQgMC4yMTQgMC41NjEgMC4yMTQgMC43NzUgMGw4LjE5MS04LjE5MmMwLjIxNC0wLjIxNCAwLjU2MS0wLjIxNCAwLjc3NSAwbDUgNWMwLjEwMyAwLjEwMyAwLjE2IDAuMjQyIDAuMTYgMC4zODh2OS45ODhjMCAwLjMwMy0wLjI0NSAwLjU0OC0wLjU0OCAwLjU0OGgtMjIuNDQ3Yy0wLjMwMyAwLTAuNTQ4LTAuMjQ1LTAuNTQ4LTAuNTQ4eiIgb3BhY2l0eT0iMSIgdmlzaWJpbGl0eT0iZmFsc2UiIGZpbGw9IiNkN2Q3ZDciPjwvcGF0aD4KCTxwYXRoIGQ9Ik0yMS41NDQgMTcuOTY3YzAgMS45ODItMS42MDYgMy41ODgtMy41ODggMy41ODhzLTMuNTg4LTEuNjA2LTMuNTg4LTMuNTg4YzAtMS45ODEgMS42MDYtMy41ODggMy41ODgtMy41ODhzMy41ODggMS42MDYgMy41ODggMy41ODh6IiBvcGFjaXR5PSIxIiB2aXNpYmlsaXR5PSJmYWxzZSIgZmlsbD0iI2Q3ZDdkNyI+PC9wYXRoPgo8L3N2Zz4K" alt="Boar's Head Deli Ham Maple Glazed Honey Coat (Regular Sliced)" skeleton-box-size="9rem" class="product-grid-image object-contain"></div></div> <div class="mobile-product-list-cell_info"><div class="product-tile_detail"><div class="skeleton-loader_wrapper cursor-pointer"><div class="product-grid-cell_price-container product-grid-cell_price-container--mobile"><span class="product-grid-cell_main-price"><!---->
    $6.50
  </span> <!----></div> <!----></div> <!----></div> <div class="mobile-product-list-cell_name-content"><div class="skeleton-loader_wrapper"><div class="product-grid-cell_name"><a id="product-name-100483-16761547344631287" href="#" data-opens-modal="true" aria-haspopup="dialog" class="product-grid-cell_name-text product-grid-cell_name-text--clamp-2"><!---->
    Boar's Head Deli Ham Maple Glazed Honey Coat (Regular Sliced)
  </a></div> <!----> <!----></div> <div class="skeleton-loader_wrapper"><div class="product-grid-cell_sizes"><span class="product-grid-cell_size">
    APX 1/2 LB
  </span> <span aria-hidden="true">
    |
  </span> <!----> <span class="product-grid-cell_unit">
    $12.99 / LB
  </span></div> <!----></div> <!----> <!----> <!----> <!----> <!----> <!----> <!----></div> <div class="mobile-product-list-cell_bottom"><div class="mobile-product-list-cell_bottom_cart-ui-wrapper"><!----> <!----> <div class="pdl-add-to-cart"><div class="pdl-add-to-cart_button"><button aria-label="Add to cart" data-product-id="100483" data-price="6.5" class="button button--add-to-cart">
      Add to cart
      <!----></button> <!----> <!----> <!----></div> <!----></div></div> <!----></div></div></div> <div class="product-tile_action-items"><!----> <!----> <div class="shopping-list-menu_container"><div class="relative-el"><button aria-label="add to shopping list" class="button pdl-product-detail_top-icon button--fourth pdl-product-detail_top-icon--borderless"><!----> <div class="vector-icon-size--large"><svg xmlns="http://www.w3.org/2000/svg" aria-label="Shopping List Icon Add" viewBox="0 0 32 32" role="presentation" aria-hidden="true" focusable="false" class="vector-icon-color--dark-grey"><title lang="en">Shopping List Icon Add</title><desc></desc><g fill="" stroke=""><g><path d="M21.94066,15.3368884 L21.94066,12.8931995 C21.94066,12.3409148 22.3883752,11.8931995 22.94066,11.8931995 C23.4929447,11.8931995 23.94066,12.3409148 23.94066,12.8931995 L23.94066,15.3368884 L26.2522624,15.3368884 C26.8045471,15.3368884 27.2522624,15.7846037 27.2522624,16.3368884 C27.2522624,16.8891732 26.8045471,17.3368884 26.2522624,17.3368884 L23.94066,17.3368884 L23.94066,19.8787952 C23.94066,20.43108 23.4929447,20.8787952 22.94066,20.8787952 C22.3883752,20.8787952 21.94066,20.43108 21.94066,19.8787952 L21.94066,17.3368884 L19.2666667,17.3368884 C18.7143819,17.3368884 18.2666667,16.8891732 18.2666667,16.3368884 C18.2666667,15.7846037 18.7143819,15.3368884 19.2666667,15.3368884 L21.94066,15.3368884 Z M8,12 C7.44771525,12 7,11.5522847 7,11 C7,10.4477153 7.44771525,10 8,10 L19.1153581,10 C19.6676429,10 20.1153581,10.4477153 20.1153581,11 C20.1153581,11.5522847 19.6676429,12 19.1153581,12 L8,12 Z M8,17.3368884 C7.44771525,17.3368884 7,16.8891732 7,16.3368884 C7,15.7846037 7.44771525,15.3368884 8,15.3368884 L14.7200696,15.3368884 C15.2723543,15.3368884 15.7200696,15.7846037 15.7200696,16.3368884 C15.7200696,16.8891732 15.2723543,17.3368884 14.7200696,17.3368884 L8,17.3368884 Z M8,23 C7.44771525,23 7,22.5522847 7,22 C7,21.4477153 7.44771525,21 8,21 L19.1153581,21 C19.6676429,21 20.1153581,21.4477153 20.1153581,22 C20.1153581,22.5522847 19.6676429,23 19.1153581,23 L8,23 Z" fill="#000000" fill-rule="nonzero"></path></g></g></svg></div> <div class="pdl-product-detail_list-tooltip"><p>Add item to shopping list</p> <em></em></div></button></div></div></div> <!----></li> <!----><!----> <!----> <!----> <!----> <li tabindex="-1" data-product-id="57607" class="slot mobile-product-list-cell"><!----> <!----> <!----> <!----> <div class="mobile-product-list-cell_content"><div><!----> <div class="flag_outer-container"><!----> <!----> <!----> <!----></div></div> <div class="mobile-product-list-cell_left"><div><!----> <img src="data:image/svg+xml;base64,PD94bWwgdmVyc2lvbj0iMS4wIiBlbmNvZGluZz0idXRmLTgiPz4KPCEtLSBHZW5lcmF0ZWQgYnkgSWNvTW9vbi5pbyAtLT4KPCFET0NUWVBFIHN2ZyBQVUJMSUMgIi0vL1czQy8vRFREIFNWRyAxLjEvL0VOIiAiaHR0cDovL3d3dy53My5vcmcvR3JhcGhpY3MvU1ZHLzEuMS9EVEQvc3ZnMTEuZHRkIj4KPHN2ZyB2ZXJzaW9uPSIxLjEiIHhtbG5zPSJodHRwOi8vd3d3LnczLm9yZy8yMDAwL3N2ZyIgeG1sbnM6eGxpbms9Imh0dHA6Ly93d3cudzMub3JnLzE5OTkveGxpbmsiIHdpZHRoPSI0OCIgaGVpZ2h0PSI0OCIgdmlld0JveD0iMCAwIDQ4IDQ4Ij4KPGcgaWQ9Imljb21vb24taWdub3JlIj4KCTxsaW5lIHN0cm9rZS13aWR0aD0iMSIgeDE9IiIgeTE9IiIgeDI9IiIgeTI9IiIgc3Ryb2tlPSIjNDQ5RkRCIiBvcGFjaXR5PSIiPjwvbGluZT4KPC9nPgoJPHBhdGggZD0iTTM4LjQ4IDkuMDcwYzAuMjQ4IDAgMC40NSAwLjIwMiAwLjQ1IDAuNDV2MjguOTU5YzAgMC4yNDgtMC4yMDIgMC40NS0wLjQ1IDAuNDVoLTI4Ljk1OWMtMC4yNDggMC0wLjQ1LTAuMjAyLTAuNDUtMC40NXYtMjguOTU5YzAtMC4yNDggMC4yMDItMC40NSAwLjQ1LTAuNDVoMjguOTU5ek0zOC40OCA4aC0yOC45NTljLTAuODQgMC0xLjUyIDAuNjgxLTEuNTIgMS41MjF2MjguOTU5YzAgMC44NCAwLjY4MSAxLjUyMSAxLjUyIDEuNTIxaDI4Ljk1OWMwLjg0IDAgMS41Mi0wLjY4MSAxLjUyLTEuNTIxdi0yOC45NTljMC0wLjg0LTAuNjgxLTEuNTIxLTEuNTItMS41MjF2MHoiIG9wYWNpdHk9IjEiIHZpc2liaWxpdHk9ImZhbHNlIiBmaWxsPSIjZDdkN2Q3Ij48L3BhdGg+Cgk8cGF0aCBkPSJNMTIuMjI4IDM1LjIyNHYtMy4zMjljMC0wLjE0NSAwLjA1OC0wLjI4NSAwLjE2LTAuMzg4bDUuNTg3LTUuNTg3YzAuMjE0LTAuMjE0IDAuNTYxLTAuMjE0IDAuNzc1IDBsMi4xMTkgMi4xMTljMC4yMTQgMC4yMTQgMC41NjEgMC4yMTQgMC43NzUgMGw4LjE5MS04LjE5MmMwLjIxNC0wLjIxNCAwLjU2MS0wLjIxNCAwLjc3NSAwbDUgNWMwLjEwMyAwLjEwMyAwLjE2IDAuMjQyIDAuMTYgMC4zODh2OS45ODhjMCAwLjMwMy0wLjI0NSAwLjU0OC0wLjU0OCAwLjU0OGgtMjIuNDQ3Yy0wLjMwMyAwLTAuNTQ4LTAuMjQ1LTAuNTQ4LTAuNTQ4eiIgb3BhY2l0eT0iMSIgdmlzaWJpbGl0eT0iZmFsc2UiIGZpbGw9IiNkN2Q3ZDciPjwvcGF0aD4KCTxwYXRoIGQ9Ik0yMS41NDQgMTcuOTY3YzAgMS45ODItMS42MDYgMy41ODgtMy41ODggMy41ODhzLTMuNTg4LTEuNjA2LTMuNTg4LTMuNTg4YzAtMS45ODEgMS42MDYtMy41ODggMy41ODgtMy41ODhzMy41ODggMS42MDYgMy41ODggMy41ODh6IiBvcGFjaXR5PSIxIiB2aXNpYmlsaXR5PSJmYWxzZSIgZmlsbD0iI2Q3ZDdkNyI+PC9wYXRoPgo8L3N2Zz4K" alt="Stop &amp; Shop Cream Heavy Whipping Ultra Pasteurized" skeleton-box-size="9rem" class="product-grid-image object-contain"></div></div> <div class="mobile-product-list-cell_info"><div class="product-tile_detail"><div class="skeleton-loader_wrapper cursor-pointer"><div class="product-grid-cell_price-container product-grid-cell_price-container--mobile"><span class="product-grid-cell_main-price"><!---->
    $3.79
  </span> <!----></div> <!----></div> <!----></div> <div class="mobile-product-list-cell_name-content"><div class="skeleton-loader_wrapper"><div class="product-grid-cell_name"><a id="product-name-57607-16761547344650092" href="#" data-opens-modal="true" aria-haspopup="dialog" class="product-grid-cell_name-text product-grid-cell_name-text--clamp-2"><span class="vector-icon_inline-text--left mr-0"><div class="vector-icon-size--xsmall"><svg xmlns="http://www.w3.org/2000/svg" aria-label="Ahold Icon" viewBox="0 0 1024 945" role="presentation" aria-hidden="true" focusable="false" class=""><title lang="en">Ahold Icon</title><desc></desc><g fill="" stroke=""><g><path d="M1.893 730.617c-1.289-2.094-2.052-4.631-2.052-7.346 0-.747.058-1.481.169-2.197.158-12.396 10.227-22.466 22.687-22.634h895.306c12.476.168 22.545 10.237 22.713 22.698-.521 3.721-1.182 6.924-2.024 10.053l.131-.574c-86.363 175.072-263.598 293.385-468.466 293.385S88.254 905.689 3.252 733.663l-1.361-3.046z" fill="#F7A800" class="path1"></path> <path d="M107.889 132.495c1.893-1.893 1.893-3.786 3.786-5.678 2.98-3.491 7.385-5.69 12.303-5.69s9.323 2.199 12.284 5.668l.019.022L613.264 603.8c3.491 2.98 5.69 7.385 5.69 12.303s-2.199 9.323-5.668 12.284c-1.399 1.869-3.361 3.216-5.631 3.789l-.069.015c-38.446 13.732-82.796 21.669-129.001 21.669-108.416 0-206.626-43.699-277.977-114.443C130.241 467.591 86.799 369.1 86.799 260.462c0-45.803 7.722-89.803 21.936-130.767l-.845 2.8z" fill="#E2231A" class="path2"></path> <path d="M600.015 1.893a6.922 6.922 0 0 1 5.713-1.889c.057-.006.164-.007.272-.007 7.15 0 12.947 5.796 12.947 12.947 0 .108-.001.215-.004.322v-.016 503.482c.002.091.004.199.004.306 0 7.15-5.796 12.947-12.947 12.947-.108 0-.215-.001-.322-.004a6.925 6.925 0 0 1-5.665-1.895l.002.002c-98.273-48.542-164.673-148.065-164.673-263.098S501.743 50.434 598.306 2.657l1.709-.765z" fill="#712177" class="path3"></path> <path d="M938.824 283.919c1.893 0 1.893 1.893 3.786 1.893 1.765 2.012 2.841 4.666 2.841 7.571s-1.077 5.559-2.853 7.584l.011-.013-268.776 266.884c-2.012 1.765-4.666 2.841-7.571 2.841s-5.559-1.077-7.584-2.853a3.774 3.774 0 0 1-1.877-3.793l-.002.019c-7.681-21.529-12.12-46.363-12.12-72.235 0-61.263 24.891-116.712 65.111-156.786 39.326-39.792 93.895-64.431 154.219-64.431 26.857 0 52.573 4.884 76.309 13.812l-1.494-.493z" fill="#82BC00" class="path4"></path></g></g></svg></div></span>
    Stop &amp; Shop Cream Heavy Whipping Ultra Pasteurized
  </a></div> <!----> <!----></div> <div class="skeleton-loader_wrapper"><div class="product-grid-cell_sizes"><span class="product-grid-cell_size">
    1 PINT
  </span> <span aria-hidden="true">
    |
  </span> <!----> <span class="product-grid-cell_unit">
    $0.24 / OZ
  </span></div> <!----></div> <!----> <!----> <!----> <!----> <!----> <!----> <!----></div> <div class="mobile-product-list-cell_bottom"><div class="mobile-product-list-cell_bottom_cart-ui-wrapper"><!----> <!----> <div class="pdl-add-to-cart"><div class="pdl-add-to-cart_button"><button aria-label="Add to cart" data-product-id="57607" data-price="3.79" class="button button--add-to-cart">
      Add to cart
      <!----></button> <!----> <!----> <!----></div> <!----></div></div> <!----></div></div></div> <div class="product-tile_action-items"><!----> <!----> <div class="shopping-list-menu_container"><div class="relative-el"><button aria-label="add to shopping list" class="button pdl-product-detail_top-icon button--fourth pdl-product-detail_top-icon--borderless"><!----> <div class="vector-icon-size--large"><svg xmlns="http://www.w3.org/2000/svg" aria-label="Shopping List Icon Add" viewBox="0 0 32 32" role="presentation" aria-hidden="true" focusable="false" class="vector-icon-color--dark-grey"><title lang="en">Shopping List Icon Add</title><desc></desc><g fill="" stroke=""><g><path d="M21.94066,15.3368884 L21.94066,12.8931995 C21.94066,12.3409148 22.3883752,11.8931995 22.94066,11.8931995 C23.4929447,11.8931995 23.94066,12.3409148 23.94066,12.8931995 L23.94066,15.3368884 L26.2522624,15.3368884 C26.8045471,15.3368884 27.2522624,15.7846037 27.2522624,16.3368884 C27.2522624,16.8891732 26.8045471,17.3368884 26.2522624,17.3368884 L23.94066,17.3368884 L23.94066,19.8787952 C23.94066,20.43108 23.4929447,20.8787952 22.94066,20.8787952 C22.3883752,20.8787952 21.94066,20.43108 21.94066,19.8787952 L21.94066,17.3368884 L19.2666667,17.3368884 C18.7143819,17.3368884 18.2666667,16.8891732 18.2666667,16.3368884 C18.2666667,15.7846037 18.7143819,15.3368884 19.2666667,15.3368884 L21.94066,15.3368884 Z M8,12 C7.44771525,12 7,11.5522847 7,11 C7,10.4477153 7.44771525,10 8,10 L19.1153581,10 C19.6676429,10 20.1153581,10.4477153 20.1153581,11 C20.1153581,11.5522847 19.6676429,12 19.1153581,12 L8,12 Z M8,17.3368884 C7.44771525,17.3368884 7,16.8891732 7,16.3368884 C7,15.7846037 7.44771525,15.3368884 8,15.3368884 L14.7200696,15.3368884 C15.2723543,15.3368884 15.7200696,15.7846037 15.7200696,16.3368884 C15.7200696,16.8891732 15.2723543,17.3368884 14.7200696,17.3368884 L8,17.3368884 Z M8,23 C7.44771525,23 7,22.5522847 7,22 C7,21.4477153 7.44771525,21 8,21 L19.1153581,21 C19.6676429,21 20.1153581,21.4477153 20.1153581,22 C20.1153581,22.5522847 19.6676429,23 19.1153581,23 L8,23 Z" fill="#000000" fill-rule="nonzero"></path></g></g></svg></div> <div class="pdl-product-detail_list-tooltip"><p>Add item to shopping list</p> <em></em></div></button></div></div></div> <!----></li> <!----><!----> <!----> <!----> <!----> <li tabindex="-1" data-product-id="17675" class="slot mobile-product-list-cell"><!----> <!----> <!----> <!----> <div class="mobile-product-list-cell_content"><div><!----> <div class="flag_outer-container"><!----> <!----> <!----> <!----></div></div> <div class="mobile-product-list-cell_left"><div><!----> <img src="data:image/svg+xml;base64,PD94bWwgdmVyc2lvbj0iMS4wIiBlbmNvZGluZz0idXRmLTgiPz4KPCEtLSBHZW5lcmF0ZWQgYnkgSWNvTW9vbi5pbyAtLT4KPCFET0NUWVBFIHN2ZyBQVUJMSUMgIi0vL1czQy8vRFREIFNWRyAxLjEvL0VOIiAiaHR0cDovL3d3dy53My5vcmcvR3JhcGhpY3MvU1ZHLzEuMS9EVEQvc3ZnMTEuZHRkIj4KPHN2ZyB2ZXJzaW9uPSIxLjEiIHhtbG5zPSJodHRwOi8vd3d3LnczLm9yZy8yMDAwL3N2ZyIgeG1sbnM6eGxpbms9Imh0dHA6Ly93d3cudzMub3JnLzE5OTkveGxpbmsiIHdpZHRoPSI0OCIgaGVpZ2h0PSI0OCIgdmlld0JveD0iMCAwIDQ4IDQ4Ij4KPGcgaWQ9Imljb21vb24taWdub3JlIj4KCTxsaW5lIHN0cm9rZS13aWR0aD0iMSIgeDE9IiIgeTE9IiIgeDI9IiIgeTI9IiIgc3Ryb2tlPSIjNDQ5RkRCIiBvcGFjaXR5PSIiPjwvbGluZT4KPC9nPgoJPHBhdGggZD0iTTM4LjQ4IDkuMDcwYzAuMjQ4IDAgMC40NSAwLjIwMiAwLjQ1IDAuNDV2MjguOTU5YzAgMC4yNDgtMC4yMDIgMC40NS0wLjQ1IDAuNDVoLTI4Ljk1OWMtMC4yNDggMC0wLjQ1LTAuMjAyLTAuNDUtMC40NXYtMjguOTU5YzAtMC4yNDggMC4yMDItMC40NSAwLjQ1LTAuNDVoMjguOTU5ek0zOC40OCA4aC0yOC45NTljLTAuODQgMC0xLjUyIDAuNjgxLTEuNTIgMS41MjF2MjguOTU5YzAgMC44NCAwLjY4MSAxLjUyMSAxLjUyIDEuNTIxaDI4Ljk1OWMwLjg0IDAgMS41Mi0wLjY4MSAxLjUyLTEuNTIxdi0yOC45NTljMC0wLjg0LTAuNjgxLTEuNTIxLTEuNTItMS41MjF2MHoiIG9wYWNpdHk9IjEiIHZpc2liaWxpdHk9ImZhbHNlIiBmaWxsPSIjZDdkN2Q3Ij48L3BhdGg+Cgk8cGF0aCBkPSJNMTIuMjI4IDM1LjIyNHYtMy4zMjljMC0wLjE0NSAwLjA1OC0wLjI4NSAwLjE2LTAuMzg4bDUuNTg3LTUuNTg3YzAuMjE0LTAuMjE0IDAuNTYxLTAuMjE0IDAuNzc1IDBsMi4xMTkgMi4xMTljMC4yMTQgMC4yMTQgMC41NjEgMC4yMTQgMC43NzUgMGw4LjE5MS04LjE5MmMwLjIxNC0wLjIxNCAwLjU2MS0wLjIxNCAwLjc3NSAwbDUgNWMwLjEwMyAwLjEwMyAwLjE2IDAuMjQyIDAuMTYgMC4zODh2OS45ODhjMCAwLjMwMy0wLjI0NSAwLjU0OC0wLjU0OCAwLjU0OGgtMjIuNDQ3Yy0wLjMwMyAwLTAuNTQ4LTAuMjQ1LTAuNTQ4LTAuNTQ4eiIgb3BhY2l0eT0iMSIgdmlzaWJpbGl0eT0iZmFsc2UiIGZpbGw9IiNkN2Q3ZDciPjwvcGF0aD4KCTxwYXRoIGQ9Ik0yMS41NDQgMTcuOTY3YzAgMS45ODItMS42MDYgMy41ODgtMy41ODggMy41ODhzLTMuNTg4LTEuNjA2LTMuNTg4LTMuNTg4YzAtMS45ODEgMS42MDYtMy41ODggMy41ODgtMy41ODhzMy41ODggMS42MDYgMy41ODggMy41ODh6IiBvcGFjaXR5PSIxIiB2aXNpYmlsaXR5PSJmYWxzZSIgZmlsbD0iI2Q3ZDdkNyI+PC9wYXRoPgo8L3N2Zz4K" alt="General Mills Cinnamon Toast Crunch Cereal Large Size" skeleton-box-size="9rem" class="product-grid-image object-contain"></div></div> <div class="mobile-product-list-cell_info"><div class="product-tile_detail"><div class="skeleton-loader_wrapper cursor-pointer"><div class="product-grid-cell_price-container product-grid-cell_price-container--mobile"><span class="product-grid-cell_main-price"><!---->
    $5.69
  </span> <!----></div> <!----></div> <!----></div> <div class="mobile-product-list-cell_name-content"><div class="skeleton-loader_wrapper"><div class="product-grid-cell_name"><a id="product-name-17675-16761547344677465" href="#" data-opens-modal="true" aria-haspopup="dialog" class="product-grid-cell_name-text product-grid-cell_name-text--clamp-2"><!---->
    General Mills Cinnamon Toast Crunch Cereal Large Size
  </a></div> <!----> <!----></div> <div class="skeleton-loader_wrapper"><div class="product-grid-cell_sizes"><span class="product-grid-cell_size">
    16.8 OZ BOX
  </span> <span aria-hidden="true">
    |
  </span> <!----> <span class="product-grid-cell_unit">
    $0.34 / OZ
  </span></div> <!----></div> <!----> <div id="coupon-link-17675-16761547344677465" tabindex="0" role="link" aria-label="Open coupon details" data-opens-modal="true" class="product-tile_coupon-offer product-tile_coupon-offer-clippable product-tile_coupon-offer--mobile multiple-lines" is-mobile="true"><div class="product-tile_coupon-offer-display"><div class="vector-icon-size--xsmall margin-right--half"><svg xmlns="http://www.w3.org/2000/svg" aria-label="PdlIconCouponScissor" viewBox="0 0 19 20" role="presentation" aria-hidden="true" focusable="false" class="vector-icon-stroke--coupon"><title lang="en">PdlIconCouponScissor</title><desc></desc><g fill="" stroke=""><path d="M9.622 9.622 6.444 6.444a3.19 3.19 0 1 1-4.51-4.51 3.19 3.19 0 0 1 4.51 4.51l3.178 3.178 7.688-7.688-7.688 7.688Zm0 0 7.688 7.688-7.688-7.688L6.444 12.8l3.178-3.178ZM1.934 12.8a3.19 3.19 0 1 1 4.51 4.51 3.19 3.19 0 0 1-4.51-4.51Z" stroke="#007DA3" stroke-width="2" fill="none" fill-rule="evenodd" stroke-linecap="round" stroke-linejoin="round"></path></g></svg></div> <div class="vector-icon_mobile-center"><!----></div> <div class="product-tile_coupon-offer-name flex-center product-tile_coupon-offer-name--full-tile text-left"><!---->
      SAVE $1.00 ON TWO
    </div></div> <!----> <div class="product-tile_coupon-offer-loading-coupon"><!----></div></div> <div role="link" tabindex="0" data-opens-modal="true" aria-haspopup="dialog" class="product-grid-cell_multiple-offers"><p>
    View All Item Offers
  </p></div> <!----> <!----> <!----> <!----></div> <div class="mobile-product-list-cell_bottom"><div class="mobile-product-list-cell_bottom_cart-ui-wrapper"><!----> <!----> <div class="pdl-add-to-cart pdl-add-to-cart_coupon"><div class="pdl-add-to-cart_button"><button aria-label="Add to cart" data-product-id="17675" data-price="5.69" class="button button--add-to-cart">
      Add to cart
      <!----></button> <!----> <!----> <!----></div> <!----></div></div> <!----></div></div></div> <div class="product-tile_action-items"><!----> <!----> <div class="shopping-list-menu_container"><div class="relative-el"><button aria-label="add to shopping list" class="button pdl-product-detail_top-icon button--fourth pdl-product-detail_top-icon--borderless"><!----> <div class="vector-icon-size--large"><svg xmlns="http://www.w3.org/2000/svg" aria-label="Shopping List Icon Add" viewBox="0 0 32 32" role="presentation" aria-hidden="true" focusable="false" class="vector-icon-color--dark-grey"><title lang="en">Shopping List Icon Add</title><desc></desc><g fill="" stroke=""><g><path d="M21.94066,15.3368884 L21.94066,12.8931995 C21.94066,12.3409148 22.3883752,11.8931995 22.94066,11.8931995 C23.4929447,11.8931995 23.94066,12.3409148 23.94066,12.8931995 L23.94066,15.3368884 L26.2522624,15.3368884 C26.8045471,15.3368884 27.2522624,15.7846037 27.2522624,16.3368884 C27.2522624,16.8891732 26.8045471,17.3368884 26.2522624,17.3368884 L23.94066,17.3368884 L23.94066,19.8787952 C23.94066,20.43108 23.4929447,20.8787952 22.94066,20.8787952 C22.3883752,20.8787952 21.94066,20.43108 21.94066,19.8787952 L21.94066,17.3368884 L19.2666667,17.3368884 C18.7143819,17.3368884 18.2666667,16.8891732 18.2666667,16.3368884 C18.2666667,15.7846037 18.7143819,15.3368884 19.2666667,15.3368884 L21.94066,15.3368884 Z M8,12 C7.44771525,12 7,11.5522847 7,11 C7,10.4477153 7.44771525,10 8,10 L19.1153581,10 C19.6676429,10 20.1153581,10.4477153 20.1153581,11 C20.1153581,11.5522847 19.6676429,12 19.1153581,12 L8,12 Z M8,17.3368884 C7.44771525,17.3368884 7,16.8891732 7,16.3368884 C7,15.7846037 7.44771525,15.3368884 8,15.3368884 L14.7200696,15.3368884 C15.2723543,15.3368884 15.7200696,15.7846037 15.7200696,16.3368884 C15.7200696,16.8891732 15.2723543,17.3368884 14.7200696,17.3368884 L8,17.3368884 Z M8,23 C7.44771525,23 7,22.5522847 7,22 C7,21.4477153 7.44771525,21 8,21 L19.1153581,21 C19.6676429,21 20.1153581,21.4477153 20.1153581,22 C20.1153581,22.5522847 19.6676429,23 19.1153581,23 L8,23 Z" fill="#000000" fill-rule="nonzero"></path></g></g></svg></div> <div class="pdl-product-detail_list-tooltip"><p>Add item to shopping list</p> <em></em></div></button></div></div></div> <!----></li> <!----><!----> <!----> <!----> <!----> <li tabindex="-1" data-product-id="158627" class="slot mobile-product-list-cell"><!----> <!----> <!----> <!----> <div class="mobile-product-list-cell_content"><div><!----> <div class="flag_outer-container"><div class=""><svg xmlns="http://www.w3.org/2000/svg" aria-label="Sale" viewBox="0 0 32 32" role="presentation" aria-hidden="true" focusable="false" class="w-20 ml-3"><title lang="en">Sale</title><desc></desc><g fill="" stroke=""><g><path d="M16.56 19.87a3.81 3.81 0 0 1-1-.13l-13.39-3.5a1.5 1.5 0 0 1-1.12-1.34l-.81-11a1.52 1.52 0 0 1 1.39-1.61l27.69-2h.11a1.51 1.51 0 0 1 1.5 1.4l.82 11a1.52 1.52 0 0 1-.91 1.5l-12.72 5.36a3.79 3.79 0 0 1-1.56.32Z" fill="#ed1256"></path><path fill="#fff" d="M29.43.48a1.26 1.26 0 0 1 1.26 1.17l.82 11a1.27 1.27 0 0 1-.76 1.26L18 19.34a3.72 3.72 0 0 1-1.47.3 3.79 3.79 0 0 1-.94-.12L2.24 16a1.27 1.27 0 0 1-1-1.13l-.81-11a1.26 1.26 0 0 1 1.22-1.33L29.34.48h.09m0-.48h-.13L1.62 2A1.76 1.76 0 0 0 0 3.92l.82 11a1.73 1.73 0 0 0 1.3 1.55L15.5 20a4.3 4.3 0 0 0 1.07.14 4.24 4.24 0 0 0 1.65-.34l12.72-5.44A1.76 1.76 0 0 0 32 12.59l-.82-11A1.76 1.76 0 0 0 29.43 0Z"></path><path fill="#fff" d="M3.74 9.87a3 3 0 0 0 .82.55 2.21 2.21 0 0 0 1.08.19 1.6 1.6 0 0 0 .29 0 1 1 0 0 0 .26-.12.58.58 0 0 0 .18-.2.62.62 0 0 0 0-.31.59.59 0 0 0-.32-.49 3.38 3.38 0 0 0-.85-.34L4.84 9a4.19 4.19 0 0 1-.69-.26 2.44 2.44 0 0 1-.63-.41 1.92 1.92 0 0 1-.7-1.42 2.68 2.68 0 0 1 .1-1A2.2 2.2 0 0 1 3.39 5a2.42 2.42 0 0 1 .82-.6 3.15 3.15 0 0 1 1.17-.28 3.68 3.68 0 0 1 1.72.24 3 3 0 0 1 .57.29A2.66 2.66 0 0 1 8 5l-.82 1.37a4.42 4.42 0 0 0-.82-.45 2 2 0 0 0-.85-.13 1.4 1.4 0 0 0-.28.06A.9.9 0 0 0 5 6a.62.62 0 0 0-.16.2.5.5 0 0 0 0 .28.6.6 0 0 0 .1.31.68.68 0 0 0 .24.2 1.27 1.27 0 0 0 .35.15l.43.13.35.09a7.49 7.49 0 0 1 .69.22 2.2 2.2 0 0 1 .72.42 2.46 2.46 0 0 1 .54.68 2.31 2.31 0 0 1 .27 1 2.15 2.15 0 0 1-.15 1 2.53 2.53 0 0 1-.56.84 2.77 2.77 0 0 1-.88.59 4 4 0 0 1-1.11.27A4.67 4.67 0 0 1 4 12.25a3.79 3.79 0 0 1-1.28-.75ZM11.29 3.89l2.17-.16 3.1 7.7-2 .15L14 10l-2.39.18-.35 1.67-2 .14Zm2.15 4.6-1-2.84-.61 2.95ZM17 3.47l1.89-.14.44 6 3.3-.25.16 1.92-5.19.39ZM23.36 3l5.13-.38.13 1.8-3.24.24.09 1.22 2.66-.2.12 1.7-2.65.2.09 1.35 3.46-.26.13 1.81-5.34.4Z"></path></g></g></svg></div> <!----> <!----> <!----></div></div> <div class="mobile-product-list-cell_left"><div><!----> <img src="data:image/svg+xml;base64,PD94bWwgdmVyc2lvbj0iMS4wIiBlbmNvZGluZz0idXRmLTgiPz4KPCEtLSBHZW5lcmF0ZWQgYnkgSWNvTW9vbi5pbyAtLT4KPCFET0NUWVBFIHN2ZyBQVUJMSUMgIi0vL1czQy8vRFREIFNWRyAxLjEvL0VOIiAiaHR0cDovL3d3dy53My5vcmcvR3JhcGhpY3MvU1ZHLzEuMS9EVEQvc3ZnMTEuZHRkIj4KPHN2ZyB2ZXJzaW9uPSIxLjEiIHhtbG5zPSJodHRwOi8vd3d3LnczLm9yZy8yMDAwL3N2ZyIgeG1sbnM6eGxpbms9Imh0dHA6Ly93d3cudzMub3JnLzE5OTkveGxpbmsiIHdpZHRoPSI0OCIgaGVpZ2h0PSI0OCIgdmlld0JveD0iMCAwIDQ4IDQ4Ij4KPGcgaWQ9Imljb21vb24taWdub3JlIj4KCTxsaW5lIHN0cm9rZS13aWR0aD0iMSIgeDE9IiIgeTE9IiIgeDI9IiIgeTI9IiIgc3Ryb2tlPSIjNDQ5RkRCIiBvcGFjaXR5PSIiPjwvbGluZT4KPC9nPgoJPHBhdGggZD0iTTM4LjQ4IDkuMDcwYzAuMjQ4IDAgMC40NSAwLjIwMiAwLjQ1IDAuNDV2MjguOTU5YzAgMC4yNDgtMC4yMDIgMC40NS0wLjQ1IDAuNDVoLTI4Ljk1OWMtMC4yNDggMC0wLjQ1LTAuMjAyLTAuNDUtMC40NXYtMjguOTU5YzAtMC4yNDggMC4yMDItMC40NSAwLjQ1LTAuNDVoMjguOTU5ek0zOC40OCA4aC0yOC45NTljLTAuODQgMC0xLjUyIDAuNjgxLTEuNTIgMS41MjF2MjguOTU5YzAgMC44NCAwLjY4MSAxLjUyMSAxLjUyIDEuNTIxaDI4Ljk1OWMwLjg0IDAgMS41Mi0wLjY4MSAxLjUyLTEuNTIxdi0yOC45NTljMC0wLjg0LTAuNjgxLTEuNTIxLTEuNTItMS41MjF2MHoiIG9wYWNpdHk9IjEiIHZpc2liaWxpdHk9ImZhbHNlIiBmaWxsPSIjZDdkN2Q3Ij48L3BhdGg+Cgk8cGF0aCBkPSJNMTIuMjI4IDM1LjIyNHYtMy4zMjljMC0wLjE0NSAwLjA1OC0wLjI4NSAwLjE2LTAuMzg4bDUuNTg3LTUuNTg3YzAuMjE0LTAuMjE0IDAuNTYxLTAuMjE0IDAuNzc1IDBsMi4xMTkgMi4xMTljMC4yMTQgMC4yMTQgMC41NjEgMC4yMTQgMC43NzUgMGw4LjE5MS04LjE5MmMwLjIxNC0wLjIxNCAwLjU2MS0wLjIxNCAwLjc3NSAwbDUgNWMwLjEwMyAwLjEwMyAwLjE2IDAuMjQyIDAuMTYgMC4zODh2OS45ODhjMCAwLjMwMy0wLjI0NSAwLjU0OC0wLjU0OCAwLjU0OGgtMjIuNDQ3Yy0wLjMwMyAwLTAuNTQ4LTAuMjQ1LTAuNTQ4LTAuNTQ4eiIgb3BhY2l0eT0iMSIgdmlzaWJpbGl0eT0iZmFsc2UiIGZpbGw9IiNkN2Q3ZDciPjwvcGF0aD4KCTxwYXRoIGQ9Ik0yMS41NDQgMTcuOTY3YzAgMS45ODItMS42MDYgMy41ODgtMy41ODggMy41ODhzLTMuNTg4LTEuNjA2LTMuNTg4LTMuNTg4YzAtMS45ODEgMS42MDYtMy41ODggMy41ODgtMy41ODhzMy41ODggMS42MDYgMy41ODggMy41ODh6IiBvcGFjaXR5PSIxIiB2aXNpYmlsaXR5PSJmYWxzZSIgZmlsbD0iI2Q3ZDdkNyI+PC9wYXRoPgo8L3N2Zz4K" alt="Smartfood Popcorn White Cheddar Cheese Party Size Gluten Free" skeleton-box-size="9rem" class="product-grid-image object-contain"></div></div> <div class="mobile-product-list-cell_info"><div class="product-tile_detail"><div class="skeleton-loader_wrapper cursor-pointer"><div class="product-grid-cell_price-container product-grid-cell_price-container_column product-grid-cell_price-container--mobile"><span class="product-grid-cell_main-price product-grid-cell_main-price--on-sale"><span class="sr-only">
      Sale Price
    </span>
    $5.00
  </span> <div class="product-grid-cell_was-container"><span class="product-grid-cell_regular-price product-grid-cell_regular-price--small"><span class="sr-only">
        Original Price
      </span>
      $6.59
    </span></div></div> <!----></div> <!----></div> <div class="mobile-product-list-cell_name-content"><div class="skeleton-loader_wrapper"><div class="product-grid-cell_name"><a id="product-name-158627-16761547344715971" href="#" data-opens-modal="true" aria-haspopup="dialog" class="product-grid-cell_name-text product-grid-cell_name-text--clamp-2"><!---->
    Smartfood Popcorn White Cheddar Cheese Party Size Gluten Free
  </a></div> <!----> <!----></div> <div class="skeleton-loader_wrapper"><div class="product-grid-cell_sizes"><span class="product-grid-cell_size">
    9.75 OZ BAG
  </span> <span aria-hidden="true">
    |
  </span> <!----> <span class="product-grid-cell_unit">
    $0.51 / OZ
  </span></div> <!----></div> <!----> <!----> <!----> <!----> <!----> <!----> <!----></div> <div class="mobile-product-list-cell_bottom"><div class="mobile-product-list-cell_bottom_cart-ui-wrapper"><!----> <!----> <div class="pdl-add-to-cart"><div class="pdl-add-to-cart_button"><button aria-label="Add to cart" data-product-id="158627" data-price="5" class="button button--add-to-cart add-sale">
      Add to cart
      <!----></button> <!----> <!----> <!----></div> <!----></div></div> <!----></div></div></div> <div class="product-tile_action-items"><!----> <!----> <div class="shopping-list-menu_container"><div class="relative-el"><button aria-label="add to shopping list" class="button pdl-product-detail_top-icon button--fourth pdl-product-detail_top-icon--borderless"><!----> <div class="vector-icon-size--large"><svg xmlns="http://www.w3.org/2000/svg" aria-label="Shopping List Icon Add" viewBox="0 0 32 32" role="presentation" aria-hidden="true" focusable="false" class="vector-icon-color--dark-grey"><title lang="en">Shopping List Icon Add</title><desc></desc><g fill="" stroke=""><g><path d="M21.94066,15.3368884 L21.94066,12.8931995 C21.94066,12.3409148 22.3883752,11.8931995 22.94066,11.8931995 C23.4929447,11.8931995 23.94066,12.3409148 23.94066,12.8931995 L23.94066,15.3368884 L26.2522624,15.3368884 C26.8045471,15.3368884 27.2522624,15.7846037 27.2522624,16.3368884 C27.2522624,16.8891732 26.8045471,17.3368884 26.2522624,17.3368884 L23.94066,17.3368884 L23.94066,19.8787952 C23.94066,20.43108 23.4929447,20.8787952 22.94066,20.8787952 C22.3883752,20.8787952 21.94066,20.43108 21.94066,19.8787952 L21.94066,17.3368884 L19.2666667,17.3368884 C18.7143819,17.3368884 18.2666667,16.8891732 18.2666667,16.3368884 C18.2666667,15.7846037 18.7143819,15.3368884 19.2666667,15.3368884 L21.94066,15.3368884 Z M8,12 C7.44771525,12 7,11.5522847 7,11 C7,10.4477153 7.44771525,10 8,10 L19.1153581,10 C19.6676429,10 20.1153581,10.4477153 20.1153581,11 C20.1153581,11.5522847 19.6676429,12 19.1153581,12 L8,12 Z M8,17.3368884 C7.44771525,17.3368884 7,16.8891732 7,16.3368884 C7,15.7846037 7.44771525,15.3368884 8,15.3368884 L14.7200696,15.3368884 C15.2723543,15.3368884 15.7200696,15.7846037 15.7200696,16.3368884 C15.7200696,16.8891732 15.2723543,17.3368884 14.7200696,17.3368884 L8,17.3368884 Z M8,23 C7.44771525,23 7,22.5522847 7,22 C7,21.4477153 7.44771525,21 8,21 L19.1153581,21 C19.6676429,21 20.1153581,21.4477153 20.1153581,22 C20.1153581,22.5522847 19.6676429,23 19.1153581,23 L8,23 Z" fill="#000000" fill-rule="nonzero"></path></g></g></svg></div> <div class="pdl-product-detail_list-tooltip"><p>Add item to shopping list</p> <em></em></div></button></div></div></div> <!----></li> <!----><!----> <!----> <!----> <!----> <li tabindex="-1" data-product-id="153478" class="slot mobile-product-list-cell"><!----> <!----> <!----> <!----> <div class="mobile-product-list-cell_content"><div><!----> <div class="flag_outer-container"><!----> <!----> <!----> <!----></div></div> <div class="mobile-product-list-cell_left"><div><!----> <img src="data:image/svg+xml;base64,PD94bWwgdmVyc2lvbj0iMS4wIiBlbmNvZGluZz0idXRmLTgiPz4KPCEtLSBHZW5lcmF0ZWQgYnkgSWNvTW9vbi5pbyAtLT4KPCFET0NUWVBFIHN2ZyBQVUJMSUMgIi0vL1czQy8vRFREIFNWRyAxLjEvL0VOIiAiaHR0cDovL3d3dy53My5vcmcvR3JhcGhpY3MvU1ZHLzEuMS9EVEQvc3ZnMTEuZHRkIj4KPHN2ZyB2ZXJzaW9uPSIxLjEiIHhtbG5zPSJodHRwOi8vd3d3LnczLm9yZy8yMDAwL3N2ZyIgeG1sbnM6eGxpbms9Imh0dHA6Ly93d3cudzMub3JnLzE5OTkveGxpbmsiIHdpZHRoPSI0OCIgaGVpZ2h0PSI0OCIgdmlld0JveD0iMCAwIDQ4IDQ4Ij4KPGcgaWQ9Imljb21vb24taWdub3JlIj4KCTxsaW5lIHN0cm9rZS13aWR0aD0iMSIgeDE9IiIgeTE9IiIgeDI9IiIgeTI9IiIgc3Ryb2tlPSIjNDQ5RkRCIiBvcGFjaXR5PSIiPjwvbGluZT4KPC9nPgoJPHBhdGggZD0iTTM4LjQ4IDkuMDcwYzAuMjQ4IDAgMC40NSAwLjIwMiAwLjQ1IDAuNDV2MjguOTU5YzAgMC4yNDgtMC4yMDIgMC40NS0wLjQ1IDAuNDVoLTI4Ljk1OWMtMC4yNDggMC0wLjQ1LTAuMjAyLTAuNDUtMC40NXYtMjguOTU5YzAtMC4yNDggMC4yMDItMC40NSAwLjQ1LTAuNDVoMjguOTU5ek0zOC40OCA4aC0yOC45NTljLTAuODQgMC0xLjUyIDAuNjgxLTEuNTIgMS41MjF2MjguOTU5YzAgMC44NCAwLjY4MSAxLjUyMSAxLjUyIDEuNTIxaDI4Ljk1OWMwLjg0IDAgMS41Mi0wLjY4MSAxLjUyLTEuNTIxdi0yOC45NTljMC0wLjg0LTAuNjgxLTEuNTIxLTEuNTItMS41MjF2MHoiIG9wYWNpdHk9IjEiIHZpc2liaWxpdHk9ImZhbHNlIiBmaWxsPSIjZDdkN2Q3Ij48L3BhdGg+Cgk8cGF0aCBkPSJNMTIuMjI4IDM1LjIyNHYtMy4zMjljMC0wLjE0NSAwLjA1OC0wLjI4NSAwLjE2LTAuMzg4bDUuNTg3LTUuNTg3YzAuMjE0LTAuMjE0IDAuNTYxLTAuMjE0IDAuNzc1IDBsMi4xMTkgMi4xMTljMC4yMTQgMC4yMTQgMC41NjEgMC4yMTQgMC43NzUgMGw4LjE5MS04LjE5MmMwLjIxNC0wLjIxNCAwLjU2MS0wLjIxNCAwLjc3NSAwbDUgNWMwLjEwMyAwLjEwMyAwLjE2IDAuMjQyIDAuMTYgMC4zODh2OS45ODhjMCAwLjMwMy0wLjI0NSAwLjU0OC0wLjU0OCAwLjU0OGgtMjIuNDQ3Yy0wLjMwMyAwLTAuNTQ4LTAuMjQ1LTAuNTQ4LTAuNTQ4eiIgb3BhY2l0eT0iMSIgdmlzaWJpbGl0eT0iZmFsc2UiIGZpbGw9IiNkN2Q3ZDciPjwvcGF0aD4KCTxwYXRoIGQ9Ik0yMS41NDQgMTcuOTY3YzAgMS45ODItMS42MDYgMy41ODgtMy41ODggMy41ODhzLTMuNTg4LTEuNjA2LTMuNTg4LTMuNTg4YzAtMS45ODEgMS42MDYtMy41ODggMy41ODgtMy41ODhzMy41ODggMS42MDYgMy41ODggMy41ODh6IiBvcGFjaXR5PSIxIiB2aXNpYmlsaXR5PSJmYWxzZSIgZmlsbD0iI2Q3ZDdkNyI+PC9wYXRoPgo8L3N2Zz4K" alt="Stop &amp; Shop Wheat Split Top Bread" skeleton-box-size="9rem" class="product-grid-image object-contain"></div></div> <div class="mobile-product-list-cell_info"><div class="product-tile_detail"><div class="skeleton-loader_wrapper cursor-pointer"><div class="product-grid-cell_price-container product-grid-cell_price-container--mobile"><span class="product-grid-cell_main-price"><!---->
    $2.50
  </span> <!----></div> <!----></div> <!----></div> <div class="mobile-product-list-cell_name-content"><div class="skeleton-loader_wrapper"><div class="product-grid-cell_name"><a id="product-name-153478-16761547344764915" href="#" data-opens-modal="true" aria-haspopup="dialog" class="product-grid-cell_name-text product-grid-cell_name-text--clamp-2"><span class="vector-icon_inline-text--left mr-0"><div class="vector-icon-size--xsmall"><svg xmlns="http://www.w3.org/2000/svg" aria-label="Ahold Icon" viewBox="0 0 1024 945" role="presentation" aria-hidden="true" focusable="false" class=""><title lang="en">Ahold Icon</title><desc></desc><g fill="" stroke=""><g><path d="M1.893 730.617c-1.289-2.094-2.052-4.631-2.052-7.346 0-.747.058-1.481.169-2.197.158-12.396 10.227-22.466 22.687-22.634h895.306c12.476.168 22.545 10.237 22.713 22.698-.521 3.721-1.182 6.924-2.024 10.053l.131-.574c-86.363 175.072-263.598 293.385-468.466 293.385S88.254 905.689 3.252 733.663l-1.361-3.046z" fill="#F7A800" class="path1"></path> <path d="M107.889 132.495c1.893-1.893 1.893-3.786 3.786-5.678 2.98-3.491 7.385-5.69 12.303-5.69s9.323 2.199 12.284 5.668l.019.022L613.264 603.8c3.491 2.98 5.69 7.385 5.69 12.303s-2.199 9.323-5.668 12.284c-1.399 1.869-3.361 3.216-5.631 3.789l-.069.015c-38.446 13.732-82.796 21.669-129.001 21.669-108.416 0-206.626-43.699-277.977-114.443C130.241 467.591 86.799 369.1 86.799 260.462c0-45.803 7.722-89.803 21.936-130.767l-.845 2.8z" fill="#E2231A" class="path2"></path> <path d="M600.015 1.893a6.922 6.922 0 0 1 5.713-1.889c.057-.006.164-.007.272-.007 7.15 0 12.947 5.796 12.947 12.947 0 .108-.001.215-.004.322v-.016 503.482c.002.091.004.199.004.306 0 7.15-5.796 12.947-12.947 12.947-.108 0-.215-.001-.322-.004a6.925 6.925 0 0 1-5.665-1.895l.002.002c-98.273-48.542-164.673-148.065-164.673-263.098S501.743 50.434 598.306 2.657l1.709-.765z" fill="#712177" class="path3"></path> <path d="M938.824 283.919c1.893 0 1.893 1.893 3.786 1.893 1.765 2.012 2.841 4.666 2.841 7.571s-1.077 5.559-2.853 7.584l.011-.013-268.776 266.884c-2.012 1.765-4.666 2.841-7.571 2.841s-5.559-1.077-7.584-2.853a3.774 3.774 0 0 1-1.877-3.793l-.002.019c-7.681-21.529-12.12-46.363-12.12-72.235 0-61.263 24.891-116.712 65.111-156.786 39.326-39.792 93.895-64.431 154.219-64.431 26.857 0 52.573 4.884 76.309 13.812l-1.494-.493z" fill="#82BC00" class="path4"></path></g></g></svg></div></span>
    Stop &amp; Shop Wheat Split Top Bread
  </a></div> <!----> <!----></div> <div class="skeleton-loader_wrapper"><div class="product-grid-cell_sizes"><span class="product-grid-cell_size">
    20 OZ PKG
  </span> <span aria-hidden="true">
    |
  </span> <!----> <span class="product-grid-cell_unit">
    $0.13 / OZ
  </span></div> <!----></div> <!----> <!----> <!----> <!----> <!----> <!----> <!----></div> <div class="mobile-product-list-cell_bottom"><div class="mobile-product-list-cell_bottom_cart-ui-wrapper"><!----> <!----> <div class="pdl-add-to-cart"><div class="pdl-add-to-cart_button"><button aria-label="Add to cart" data-product-id="153478" data-price="2.5" class="button button--add-to-cart">
      Add to cart
      <!----></button> <!----> <!----> <!----></div> <!----></div></div> <!----></div></div></div> <div class="product-tile_action-items"><!----> <!----> <div class="shopping-list-menu_container"><div class="relative-el"><button aria-label="add to shopping list" class="button pdl-product-detail_top-icon button--fourth pdl-product-detail_top-icon--borderless"><!----> <div class="vector-icon-size--large"><svg xmlns="http://www.w3.org/2000/svg" aria-label="Shopping List Icon Add" viewBox="0 0 32 32" role="presentation" aria-hidden="true" focusable="false" class="vector-icon-color--dark-grey"><title lang="en">Shopping List Icon Add</title><desc></desc><g fill="" stroke=""><g><path d="M21.94066,15.3368884 L21.94066,12.8931995 C21.94066,12.3409148 22.3883752,11.8931995 22.94066,11.8931995 C23.4929447,11.8931995 23.94066,12.3409148 23.94066,12.8931995 L23.94066,15.3368884 L26.2522624,15.3368884 C26.8045471,15.3368884 27.2522624,15.7846037 27.2522624,16.3368884 C27.2522624,16.8891732 26.8045471,17.3368884 26.2522624,17.3368884 L23.94066,17.3368884 L23.94066,19.8787952 C23.94066,20.43108 23.4929447,20.8787952 22.94066,20.8787952 C22.3883752,20.8787952 21.94066,20.43108 21.94066,19.8787952 L21.94066,17.3368884 L19.2666667,17.3368884 C18.7143819,17.3368884 18.2666667,16.8891732 18.2666667,16.3368884 C18.2666667,15.7846037 18.7143819,15.3368884 19.2666667,15.3368884 L21.94066,15.3368884 Z M8,12 C7.44771525,12 7,11.5522847 7,11 C7,10.4477153 7.44771525,10 8,10 L19.1153581,10 C19.6676429,10 20.1153581,10.4477153 20.1153581,11 C20.1153581,11.5522847 19.6676429,12 19.1153581,12 L8,12 Z M8,17.3368884 C7.44771525,17.3368884 7,16.8891732 7,16.3368884 C7,15.7846037 7.44771525,15.3368884 8,15.3368884 L14.7200696,15.3368884 C15.2723543,15.3368884 15.7200696,15.7846037 15.7200696,16.3368884 C15.7200696,16.8891732 15.2723543,17.3368884 14.7200696,17.3368884 L8,17.3368884 Z M8,23 C7.44771525,23 7,22.5522847 7,22 C7,21.4477153 7.44771525,21 8,21 L19.1153581,21 C19.6676429,21 20.1153581,21.4477153 20.1153581,22 C20.1153581,22.5522847 19.6676429,23 19.1153581,23 L8,23 Z" fill="#000000" fill-rule="nonzero"></path></g></g></svg></div> <div class="pdl-product-detail_list-tooltip"><p>Add item to shopping list</p> <em></em></div></button></div></div></div> <!----></li> <!----><!----> <!----> <!----> <!----> <li tabindex="-1" data-product-id="215235" class="slot mobile-product-list-cell"><!----> <!----> <!----> <!----> <div class="mobile-product-list-cell_content"><div><!----> <div class="flag_outer-container"><!----> <!----> <!----> <!----></div></div> <div class="mobile-product-list-cell_left"><div><!----> <img src="data:image/svg+xml;base64,PD94bWwgdmVyc2lvbj0iMS4wIiBlbmNvZGluZz0idXRmLTgiPz4KPCEtLSBHZW5lcmF0ZWQgYnkgSWNvTW9vbi5pbyAtLT4KPCFET0NUWVBFIHN2ZyBQVUJMSUMgIi0vL1czQy8vRFREIFNWRyAxLjEvL0VOIiAiaHR0cDovL3d3dy53My5vcmcvR3JhcGhpY3MvU1ZHLzEuMS9EVEQvc3ZnMTEuZHRkIj4KPHN2ZyB2ZXJzaW9uPSIxLjEiIHhtbG5zPSJodHRwOi8vd3d3LnczLm9yZy8yMDAwL3N2ZyIgeG1sbnM6eGxpbms9Imh0dHA6Ly93d3cudzMub3JnLzE5OTkveGxpbmsiIHdpZHRoPSI0OCIgaGVpZ2h0PSI0OCIgdmlld0JveD0iMCAwIDQ4IDQ4Ij4KPGcgaWQ9Imljb21vb24taWdub3JlIj4KCTxsaW5lIHN0cm9rZS13aWR0aD0iMSIgeDE9IiIgeTE9IiIgeDI9IiIgeTI9IiIgc3Ryb2tlPSIjNDQ5RkRCIiBvcGFjaXR5PSIiPjwvbGluZT4KPC9nPgoJPHBhdGggZD0iTTM4LjQ4IDkuMDcwYzAuMjQ4IDAgMC40NSAwLjIwMiAwLjQ1IDAuNDV2MjguOTU5YzAgMC4yNDgtMC4yMDIgMC40NS0wLjQ1IDAuNDVoLTI4Ljk1OWMtMC4yNDggMC0wLjQ1LTAuMjAyLTAuNDUtMC40NXYtMjguOTU5YzAtMC4yNDggMC4yMDItMC40NSAwLjQ1LTAuNDVoMjguOTU5ek0zOC40OCA4aC0yOC45NTljLTAuODQgMC0xLjUyIDAuNjgxLTEuNTIgMS41MjF2MjguOTU5YzAgMC44NCAwLjY4MSAxLjUyMSAxLjUyIDEuNTIxaDI4Ljk1OWMwLjg0IDAgMS41Mi0wLjY4MSAxLjUyLTEuNTIxdi0yOC45NTljMC0wLjg0LTAuNjgxLTEuNTIxLTEuNTItMS41MjF2MHoiIG9wYWNpdHk9IjEiIHZpc2liaWxpdHk9ImZhbHNlIiBmaWxsPSIjZDdkN2Q3Ij48L3BhdGg+Cgk8cGF0aCBkPSJNMTIuMjI4IDM1LjIyNHYtMy4zMjljMC0wLjE0NSAwLjA1OC0wLjI4NSAwLjE2LTAuMzg4bDUuNTg3LTUuNTg3YzAuMjE0LTAuMjE0IDAuNTYxLTAuMjE0IDAuNzc1IDBsMi4xMTkgMi4xMTljMC4yMTQgMC4yMTQgMC41NjEgMC4yMTQgMC43NzUgMGw4LjE5MS04LjE5MmMwLjIxNC0wLjIxNCAwLjU2MS0wLjIxNCAwLjc3NSAwbDUgNWMwLjEwMyAwLjEwMyAwLjE2IDAuMjQyIDAuMTYgMC4zODh2OS45ODhjMCAwLjMwMy0wLjI0NSAwLjU0OC0wLjU0OCAwLjU0OGgtMjIuNDQ3Yy0wLjMwMyAwLTAuNTQ4LTAuMjQ1LTAuNTQ4LTAuNTQ4eiIgb3BhY2l0eT0iMSIgdmlzaWJpbGl0eT0iZmFsc2UiIGZpbGw9IiNkN2Q3ZDciPjwvcGF0aD4KCTxwYXRoIGQ9Ik0yMS41NDQgMTcuOTY3YzAgMS45ODItMS42MDYgMy41ODgtMy41ODggMy41ODhzLTMuNTg4LTEuNjA2LTMuNTg4LTMuNTg4YzAtMS45ODEgMS42MDYtMy41ODggMy41ODgtMy41ODhzMy41ODggMS42MDYgMy41ODggMy41ODh6IiBvcGFjaXR5PSIxIiB2aXNpYmlsaXR5PSJmYWxzZSIgZmlsbD0iI2Q3ZDdkNyI+PC9wYXRoPgo8L3N2Zz4K" alt="Nature's Promise Ground White Chicken Meat 99% Fat Free All Natural" skeleton-box-size="9rem" class="product-grid-image object-contain"></div></div> <div class="mobile-product-list-cell_info"><div class="product-tile_detail"><div class="skeleton-loader_wrapper cursor-pointer"><div class="product-grid-cell_price-container product-grid-cell_price-container--mobile"><span class="product-grid-cell_main-price"><!---->
    $5.49
  </span> <!----></div> <!----></div> <!----></div> <div class="mobile-product-list-cell_name-content"><div class="skeleton-loader_wrapper"><div class="product-grid-cell_name"><a id="product-name-215235-16761547344809199" href="#" data-opens-modal="true" aria-haspopup="dialog" class="product-grid-cell_name-text product-grid-cell_name-text--clamp-2"><span class="vector-icon_inline-text--left mr-0"><div class="vector-icon-size--xsmall"><svg xmlns="http://www.w3.org/2000/svg" aria-label="Ahold Icon" viewBox="0 0 1024 945" role="presentation" aria-hidden="true" focusable="false" class=""><title lang="en">Ahold Icon</title><desc></desc><g fill="" stroke=""><g><path d="M1.893 730.617c-1.289-2.094-2.052-4.631-2.052-7.346 0-.747.058-1.481.169-2.197.158-12.396 10.227-22.466 22.687-22.634h895.306c12.476.168 22.545 10.237 22.713 22.698-.521 3.721-1.182 6.924-2.024 10.053l.131-.574c-86.363 175.072-263.598 293.385-468.466 293.385S88.254 905.689 3.252 733.663l-1.361-3.046z" fill="#F7A800" class="path1"></path> <path d="M107.889 132.495c1.893-1.893 1.893-3.786 3.786-5.678 2.98-3.491 7.385-5.69 12.303-5.69s9.323 2.199 12.284 5.668l.019.022L613.264 603.8c3.491 2.98 5.69 7.385 5.69 12.303s-2.199 9.323-5.668 12.284c-1.399 1.869-3.361 3.216-5.631 3.789l-.069.015c-38.446 13.732-82.796 21.669-129.001 21.669-108.416 0-206.626-43.699-277.977-114.443C130.241 467.591 86.799 369.1 86.799 260.462c0-45.803 7.722-89.803 21.936-130.767l-.845 2.8z" fill="#E2231A" class="path2"></path> <path d="M600.015 1.893a6.922 6.922 0 0 1 5.713-1.889c.057-.006.164-.007.272-.007 7.15 0 12.947 5.796 12.947 12.947 0 .108-.001.215-.004.322v-.016 503.482c.002.091.004.199.004.306 0 7.15-5.796 12.947-12.947 12.947-.108 0-.215-.001-.322-.004a6.925 6.925 0 0 1-5.665-1.895l.002.002c-98.273-48.542-164.673-148.065-164.673-263.098S501.743 50.434 598.306 2.657l1.709-.765z" fill="#712177" class="path3"></path> <path d="M938.824 283.919c1.893 0 1.893 1.893 3.786 1.893 1.765 2.012 2.841 4.666 2.841 7.571s-1.077 5.559-2.853 7.584l.011-.013-268.776 266.884c-2.012 1.765-4.666 2.841-7.571 2.841s-5.559-1.077-7.584-2.853a3.774 3.774 0 0 1-1.877-3.793l-.002.019c-7.681-21.529-12.12-46.363-12.12-72.235 0-61.263 24.891-116.712 65.111-156.786 39.326-39.792 93.895-64.431 154.219-64.431 26.857 0 52.573 4.884 76.309 13.812l-1.494-.493z" fill="#82BC00" class="path4"></path></g></g></svg></div></span>
    Nature's Promise Ground White Chicken Meat 99% Fat Free All Natural
  </a></div> <!----> <!----></div> <div class="skeleton-loader_wrapper"><div class="product-grid-cell_sizes"><span class="product-grid-cell_size">
    16 OZ PKG
  </span> <span aria-hidden="true">
    |
  </span> <!----> <span class="product-grid-cell_unit">
    $5.49 / LB
  </span></div> <!----></div> <!----> <!----> <!----> <!----> <!----> <!----> <!----></div> <div class="mobile-product-list-cell_bottom"><div class="mobile-product-list-cell_bottom_cart-ui-wrapper"><!----> <!----> <div class="pdl-add-to-cart"><div class="pdl-add-to-cart_button"><button aria-label="Add to cart" data-product-id="215235" data-price="5.49" class="button button--add-to-cart">
      Add to cart
      <!----></button> <!----> <!----> <!----></div> <!----></div></div> <!----></div></div></div> <div class="product-tile_action-items"><!----> <!----> <div class="shopping-list-menu_container"><div class="relative-el"><button aria-label="add to shopping list" class="button pdl-product-detail_top-icon button--fourth pdl-product-detail_top-icon--borderless"><!----> <div class="vector-icon-size--large"><svg xmlns="http://www.w3.org/2000/svg" aria-label="Shopping List Icon Add" viewBox="0 0 32 32" role="presentation" aria-hidden="true" focusable="false" class="vector-icon-color--dark-grey"><title lang="en">Shopping List Icon Add</title><desc></desc><g fill="" stroke=""><g><path d="M21.94066,15.3368884 L21.94066,12.8931995 C21.94066,12.3409148 22.3883752,11.8931995 22.94066,11.8931995 C23.4929447,11.8931995 23.94066,12.3409148 23.94066,12.8931995 L23.94066,15.3368884 L26.2522624,15.3368884 C26.8045471,15.3368884 27.2522624,15.7846037 27.2522624,16.3368884 C27.2522624,16.8891732 26.8045471,17.3368884 26.2522624,17.3368884 L23.94066,17.3368884 L23.94066,19.8787952 C23.94066,20.43108 23.4929447,20.8787952 22.94066,20.8787952 C22.3883752,20.8787952 21.94066,20.43108 21.94066,19.8787952 L21.94066,17.3368884 L19.2666667,17.3368884 C18.7143819,17.3368884 18.2666667,16.8891732 18.2666667,16.3368884 C18.2666667,15.7846037 18.7143819,15.3368884 19.2666667,15.3368884 L21.94066,15.3368884 Z M8,12 C7.44771525,12 7,11.5522847 7,11 C7,10.4477153 7.44771525,10 8,10 L19.1153581,10 C19.6676429,10 20.1153581,10.4477153 20.1153581,11 C20.1153581,11.5522847 19.6676429,12 19.1153581,12 L8,12 Z M8,17.3368884 C7.44771525,17.3368884 7,16.8891732 7,16.3368884 C7,15.7846037 7.44771525,15.3368884 8,15.3368884 L14.7200696,15.3368884 C15.2723543,15.3368884 15.7200696,15.7846037 15.7200696,16.3368884 C15.7200696,16.8891732 15.2723543,17.3368884 14.7200696,17.3368884 L8,17.3368884 Z M8,23 C7.44771525,23 7,22.5522847 7,22 C7,21.4477153 7.44771525,21 8,21 L19.1153581,21 C19.6676429,21 20.1153581,21.4477153 20.1153581,22 C20.1153581,22.5522847 19.6676429,23 19.1153581,23 L8,23 Z" fill="#000000" fill-rule="nonzero"></path></g></g></svg></div> <div class="pdl-product-detail_list-tooltip"><p>Add item to shopping list</p> <em></em></div></button></div></div></div> <!----></li> <!----><!----> <!----> <!----> <!----> <li tabindex="-1" data-product-id="217774" class="slot mobile-product-list-cell"><!----> <!----> <!----> <!----> <div class="mobile-product-list-cell_content"><div><!----> <div class="flag_outer-container"><div class=""><svg xmlns="http://www.w3.org/2000/svg" aria-label="Sale" viewBox="0 0 32 32" role="presentation" aria-hidden="true" focusable="false" class="w-20 ml-3"><title lang="en">Sale</title><desc></desc><g fill="" stroke=""><g><path d="M16.56 19.87a3.81 3.81 0 0 1-1-.13l-13.39-3.5a1.5 1.5 0 0 1-1.12-1.34l-.81-11a1.52 1.52 0 0 1 1.39-1.61l27.69-2h.11a1.51 1.51 0 0 1 1.5 1.4l.82 11a1.52 1.52 0 0 1-.91 1.5l-12.72 5.36a3.79 3.79 0 0 1-1.56.32Z" fill="#ed1256"></path><path fill="#fff" d="M29.43.48a1.26 1.26 0 0 1 1.26 1.17l.82 11a1.27 1.27 0 0 1-.76 1.26L18 19.34a3.72 3.72 0 0 1-1.47.3 3.79 3.79 0 0 1-.94-.12L2.24 16a1.27 1.27 0 0 1-1-1.13l-.81-11a1.26 1.26 0 0 1 1.22-1.33L29.34.48h.09m0-.48h-.13L1.62 2A1.76 1.76 0 0 0 0 3.92l.82 11a1.73 1.73 0 0 0 1.3 1.55L15.5 20a4.3 4.3 0 0 0 1.07.14 4.24 4.24 0 0 0 1.65-.34l12.72-5.44A1.76 1.76 0 0 0 32 12.59l-.82-11A1.76 1.76 0 0 0 29.43 0Z"></path><path fill="#fff" d="M3.74 9.87a3 3 0 0 0 .82.55 2.21 2.21 0 0 0 1.08.19 1.6 1.6 0 0 0 .29 0 1 1 0 0 0 .26-.12.58.58 0 0 0 .18-.2.62.62 0 0 0 0-.31.59.59 0 0 0-.32-.49 3.38 3.38 0 0 0-.85-.34L4.84 9a4.19 4.19 0 0 1-.69-.26 2.44 2.44 0 0 1-.63-.41 1.92 1.92 0 0 1-.7-1.42 2.68 2.68 0 0 1 .1-1A2.2 2.2 0 0 1 3.39 5a2.42 2.42 0 0 1 .82-.6 3.15 3.15 0 0 1 1.17-.28 3.68 3.68 0 0 1 1.72.24 3 3 0 0 1 .57.29A2.66 2.66 0 0 1 8 5l-.82 1.37a4.42 4.42 0 0 0-.82-.45 2 2 0 0 0-.85-.13 1.4 1.4 0 0 0-.28.06A.9.9 0 0 0 5 6a.62.62 0 0 0-.16.2.5.5 0 0 0 0 .28.6.6 0 0 0 .1.31.68.68 0 0 0 .24.2 1.27 1.27 0 0 0 .35.15l.43.13.35.09a7.49 7.49 0 0 1 .69.22 2.2 2.2 0 0 1 .72.42 2.46 2.46 0 0 1 .54.68 2.31 2.31 0 0 1 .27 1 2.15 2.15 0 0 1-.15 1 2.53 2.53 0 0 1-.56.84 2.77 2.77 0 0 1-.88.59 4 4 0 0 1-1.11.27A4.67 4.67 0 0 1 4 12.25a3.79 3.79 0 0 1-1.28-.75ZM11.29 3.89l2.17-.16 3.1 7.7-2 .15L14 10l-2.39.18-.35 1.67-2 .14Zm2.15 4.6-1-2.84-.61 2.95ZM17 3.47l1.89-.14.44 6 3.3-.25.16 1.92-5.19.39ZM23.36 3l5.13-.38.13 1.8-3.24.24.09 1.22 2.66-.2.12 1.7-2.65.2.09 1.35 3.46-.26.13 1.81-5.34.4Z"></path></g></g></svg></div> <!----> <!----> <!----></div></div> <div class="mobile-product-list-cell_left"><div><!----> <img src="data:image/svg+xml;base64,PD94bWwgdmVyc2lvbj0iMS4wIiBlbmNvZGluZz0idXRmLTgiPz4KPCEtLSBHZW5lcmF0ZWQgYnkgSWNvTW9vbi5pbyAtLT4KPCFET0NUWVBFIHN2ZyBQVUJMSUMgIi0vL1czQy8vRFREIFNWRyAxLjEvL0VOIiAiaHR0cDovL3d3dy53My5vcmcvR3JhcGhpY3MvU1ZHLzEuMS9EVEQvc3ZnMTEuZHRkIj4KPHN2ZyB2ZXJzaW9uPSIxLjEiIHhtbG5zPSJodHRwOi8vd3d3LnczLm9yZy8yMDAwL3N2ZyIgeG1sbnM6eGxpbms9Imh0dHA6Ly93d3cudzMub3JnLzE5OTkveGxpbmsiIHdpZHRoPSI0OCIgaGVpZ2h0PSI0OCIgdmlld0JveD0iMCAwIDQ4IDQ4Ij4KPGcgaWQ9Imljb21vb24taWdub3JlIj4KCTxsaW5lIHN0cm9rZS13aWR0aD0iMSIgeDE9IiIgeTE9IiIgeDI9IiIgeTI9IiIgc3Ryb2tlPSIjNDQ5RkRCIiBvcGFjaXR5PSIiPjwvbGluZT4KPC9nPgoJPHBhdGggZD0iTTM4LjQ4IDkuMDcwYzAuMjQ4IDAgMC40NSAwLjIwMiAwLjQ1IDAuNDV2MjguOTU5YzAgMC4yNDgtMC4yMDIgMC40NS0wLjQ1IDAuNDVoLTI4Ljk1OWMtMC4yNDggMC0wLjQ1LTAuMjAyLTAuNDUtMC40NXYtMjguOTU5YzAtMC4yNDggMC4yMDItMC40NSAwLjQ1LTAuNDVoMjguOTU5ek0zOC40OCA4aC0yOC45NTljLTAuODQgMC0xLjUyIDAuNjgxLTEuNTIgMS41MjF2MjguOTU5YzAgMC44NCAwLjY4MSAxLjUyMSAxLjUyIDEuNTIxaDI4Ljk1OWMwLjg0IDAgMS41Mi0wLjY4MSAxLjUyLTEuNTIxdi0yOC45NTljMC0wLjg0LTAuNjgxLTEuNTIxLTEuNTItMS41MjF2MHoiIG9wYWNpdHk9IjEiIHZpc2liaWxpdHk9ImZhbHNlIiBmaWxsPSIjZDdkN2Q3Ij48L3BhdGg+Cgk8cGF0aCBkPSJNMTIuMjI4IDM1LjIyNHYtMy4zMjljMC0wLjE0NSAwLjA1OC0wLjI4NSAwLjE2LTAuMzg4bDUuNTg3LTUuNTg3YzAuMjE0LTAuMjE0IDAuNTYxLTAuMjE0IDAuNzc1IDBsMi4xMTkgMi4xMTljMC4yMTQgMC4yMTQgMC41NjEgMC4yMTQgMC43NzUgMGw4LjE5MS04LjE5MmMwLjIxNC0wLjIxNCAwLjU2MS0wLjIxNCAwLjc3NSAwbDUgNWMwLjEwMyAwLjEwMyAwLjE2IDAuMjQyIDAuMTYgMC4zODh2OS45ODhjMCAwLjMwMy0wLjI0NSAwLjU0OC0wLjU0OCAwLjU0OGgtMjIuNDQ3Yy0wLjMwMyAwLTAuNTQ4LTAuMjQ1LTAuNTQ4LTAuNTQ4eiIgb3BhY2l0eT0iMSIgdmlzaWJpbGl0eT0iZmFsc2UiIGZpbGw9IiNkN2Q3ZDciPjwvcGF0aD4KCTxwYXRoIGQ9Ik0yMS41NDQgMTcuOTY3YzAgMS45ODItMS42MDYgMy41ODgtMy41ODggMy41ODhzLTMuNTg4LTEuNjA2LTMuNTg4LTMuNTg4YzAtMS45ODEgMS42MDYtMy41ODggMy41ODgtMy41ODhzMy41ODggMS42MDYgMy41ODggMy41ODh6IiBvcGFjaXR5PSIxIiB2aXNpYmlsaXR5PSJmYWxzZSIgZmlsbD0iI2Q3ZDdkNyI+PC9wYXRoPgo8L3N2Zz4K" alt="Sara Lee Artesano Bakery Bread" skeleton-box-size="9rem" class="product-grid-image object-contain"></div></div> <div class="mobile-product-list-cell_info"><div class="product-tile_detail"><div class="skeleton-loader_wrapper cursor-pointer"><div class="product-grid-cell_price-container product-grid-cell_price-container_column product-grid-cell_price-container--mobile"><span class="product-grid-cell_main-price product-grid-cell_main-price--on-sale"><span class="sr-only">
      Sale Price
    </span>
    $3.49
  </span> <div class="product-grid-cell_was-container"><span class="product-grid-cell_regular-price product-grid-cell_regular-price--small"><span class="sr-only">
        Original Price
      </span>
      $4.49
    </span></div></div> <!----></div> <!----></div> <div class="mobile-product-list-cell_name-content"><div class="skeleton-loader_wrapper"><div class="product-grid-cell_name"><a id="product-name-217774-16761547344826073" href="#" data-opens-modal="true" aria-haspopup="dialog" class="product-grid-cell_name-text product-grid-cell_name-text--clamp-2"><!---->
    Sara Lee Artesano Bakery Bread
  </a></div> <!----> <!----></div> <div class="skeleton-loader_wrapper"><div class="product-grid-cell_sizes"><span class="product-grid-cell_size">
    20 OZ PKG
  </span> <span aria-hidden="true">
    |
  </span> <!----> <span class="product-grid-cell_unit">
    $0.17 / OZ
  </span></div> <!----></div> <!----> <!----> <!----> <!----> <!----> <!----> <!----></div> <div class="mobile-product-list-cell_bottom"><div class="mobile-product-list-cell_bottom_cart-ui-wrapper"><!----> <!----> <div class="pdl-add-to-cart"><div class="pdl-add-to-cart_button"><button aria-label="Add to cart" data-product-id="217774" data-price="3.49" class="button button--add-to-cart add-sale">
      Add to cart
      <!----></button> <!----> <!----> <!----></div> <!----></div></div> <!----></div></div></div> <div class="product-tile_action-items"><!----> <!----> <div class="shopping-list-menu_container"><div class="relative-el"><button aria-label="add to shopping list" class="button pdl-product-detail_top-icon button--fourth pdl-product-detail_top-icon--borderless"><!----> <div class="vector-icon-size--large"><svg xmlns="http://www.w3.org/2000/svg" aria-label="Shopping List Icon Add" viewBox="0 0 32 32" role="presentation" aria-hidden="true" focusable="false" class="vector-icon-color--dark-grey"><title lang="en">Shopping List Icon Add</title><desc></desc><g fill="" stroke=""><g><path d="M21.94066,15.3368884 L21.94066,12.8931995 C21.94066,12.3409148 22.3883752,11.8931995 22.94066,11.8931995 C23.4929447,11.8931995 23.94066,12.3409148 23.94066,12.8931995 L23.94066,15.3368884 L26.2522624,15.3368884 C26.8045471,15.3368884 27.2522624,15.7846037 27.2522624,16.3368884 C27.2522624,16.8891732 26.8045471,17.3368884 26.2522624,17.3368884 L23.94066,17.3368884 L23.94066,19.8787952 C23.94066,20.43108 23.4929447,20.8787952 22.94066,20.8787952 C22.3883752,20.8787952 21.94066,20.43108 21.94066,19.8787952 L21.94066,17.3368884 L19.2666667,17.3368884 C18.7143819,17.3368884 18.2666667,16.8891732 18.2666667,16.3368884 C18.2666667,15.7846037 18.7143819,15.3368884 19.2666667,15.3368884 L21.94066,15.3368884 Z M8,12 C7.44771525,12 7,11.5522847 7,11 C7,10.4477153 7.44771525,10 8,10 L19.1153581,10 C19.6676429,10 20.1153581,10.4477153 20.1153581,11 C20.1153581,11.5522847 19.6676429,12 19.1153581,12 L8,12 Z M8,17.3368884 C7.44771525,17.3368884 7,16.8891732 7,16.3368884 C7,15.7846037 7.44771525,15.3368884 8,15.3368884 L14.7200696,15.3368884 C15.2723543,15.3368884 15.7200696,15.7846037 15.7200696,16.3368884 C15.7200696,16.8891732 15.2723543,17.3368884 14.7200696,17.3368884 L8,17.3368884 Z M8,23 C7.44771525,23 7,22.5522847 7,22 C7,21.4477153 7.44771525,21 8,21 L19.1153581,21 C19.6676429,21 20.1153581,21.4477153 20.1153581,22 C20.1153581,22.5522847 19.6676429,23 19.1153581,23 L8,23 Z" fill="#000000" fill-rule="nonzero"></path></g></g></svg></div> <div class="pdl-product-detail_list-tooltip"><p>Add item to shopping list</p> <em></em></div></button></div></div></div> <!----></li> <!----><!----> <!----> <!----> <!----> <li tabindex="-1" data-product-id="57406" class="slot mobile-product-list-cell"><!----> <!----> <!----> <!----> <div class="mobile-product-list-cell_content"><div><!----> <div class="flag_outer-container"><!----> <!----> <!----> <!----></div></div> <div class="mobile-product-list-cell_left"><div><!----> <img src="data:image/svg+xml;base64,PD94bWwgdmVyc2lvbj0iMS4wIiBlbmNvZGluZz0idXRmLTgiPz4KPCEtLSBHZW5lcmF0ZWQgYnkgSWNvTW9vbi5pbyAtLT4KPCFET0NUWVBFIHN2ZyBQVUJMSUMgIi0vL1czQy8vRFREIFNWRyAxLjEvL0VOIiAiaHR0cDovL3d3dy53My5vcmcvR3JhcGhpY3MvU1ZHLzEuMS9EVEQvc3ZnMTEuZHRkIj4KPHN2ZyB2ZXJzaW9uPSIxLjEiIHhtbG5zPSJodHRwOi8vd3d3LnczLm9yZy8yMDAwL3N2ZyIgeG1sbnM6eGxpbms9Imh0dHA6Ly93d3cudzMub3JnLzE5OTkveGxpbmsiIHdpZHRoPSI0OCIgaGVpZ2h0PSI0OCIgdmlld0JveD0iMCAwIDQ4IDQ4Ij4KPGcgaWQ9Imljb21vb24taWdub3JlIj4KCTxsaW5lIHN0cm9rZS13aWR0aD0iMSIgeDE9IiIgeTE9IiIgeDI9IiIgeTI9IiIgc3Ryb2tlPSIjNDQ5RkRCIiBvcGFjaXR5PSIiPjwvbGluZT4KPC9nPgoJPHBhdGggZD0iTTM4LjQ4IDkuMDcwYzAuMjQ4IDAgMC40NSAwLjIwMiAwLjQ1IDAuNDV2MjguOTU5YzAgMC4yNDgtMC4yMDIgMC40NS0wLjQ1IDAuNDVoLTI4Ljk1OWMtMC4yNDggMC0wLjQ1LTAuMjAyLTAuNDUtMC40NXYtMjguOTU5YzAtMC4yNDggMC4yMDItMC40NSAwLjQ1LTAuNDVoMjguOTU5ek0zOC40OCA4aC0yOC45NTljLTAuODQgMC0xLjUyIDAuNjgxLTEuNTIgMS41MjF2MjguOTU5YzAgMC44NCAwLjY4MSAxLjUyMSAxLjUyIDEuNTIxaDI4Ljk1OWMwLjg0IDAgMS41Mi0wLjY4MSAxLjUyLTEuNTIxdi0yOC45NTljMC0wLjg0LTAuNjgxLTEuNTIxLTEuNTItMS41MjF2MHoiIG9wYWNpdHk9IjEiIHZpc2liaWxpdHk9ImZhbHNlIiBmaWxsPSIjZDdkN2Q3Ij48L3BhdGg+Cgk8cGF0aCBkPSJNMTIuMjI4IDM1LjIyNHYtMy4zMjljMC0wLjE0NSAwLjA1OC0wLjI4NSAwLjE2LTAuMzg4bDUuNTg3LTUuNTg3YzAuMjE0LTAuMjE0IDAuNTYxLTAuMjE0IDAuNzc1IDBsMi4xMTkgMi4xMTljMC4yMTQgMC4yMTQgMC41NjEgMC4yMTQgMC43NzUgMGw4LjE5MS04LjE5MmMwLjIxNC0wLjIxNCAwLjU2MS0wLjIxNCAwLjc3NSAwbDUgNWMwLjEwMyAwLjEwMyAwLjE2IDAuMjQyIDAuMTYgMC4zODh2OS45ODhjMCAwLjMwMy0wLjI0NSAwLjU0OC0wLjU0OCAwLjU0OGgtMjIuNDQ3Yy0wLjMwMyAwLTAuNTQ4LTAuMjQ1LTAuNTQ4LTAuNTQ4eiIgb3BhY2l0eT0iMSIgdmlzaWJpbGl0eT0iZmFsc2UiIGZpbGw9IiNkN2Q3ZDciPjwvcGF0aD4KCTxwYXRoIGQ9Ik0yMS41NDQgMTcuOTY3YzAgMS45ODItMS42MDYgMy41ODgtMy41ODggMy41ODhzLTMuNTg4LTEuNjA2LTMuNTg4LTMuNTg4YzAtMS45ODEgMS42MDYtMy41ODggMy41ODgtMy41ODhzMy41ODggMS42MDYgMy41ODggMy41ODh6IiBvcGFjaXR5PSIxIiB2aXNpYmlsaXR5PSJmYWxzZSIgZmlsbD0iI2Q3ZDdkNyI+PC9wYXRoPgo8L3N2Zz4K" alt="Stop &amp; Shop Whole Kernel Sweet Corn Frozen" skeleton-box-size="9rem" class="product-grid-image object-contain"></div></div> <div class="mobile-product-list-cell_info"><div class="product-tile_detail"><div class="skeleton-loader_wrapper cursor-pointer"><div class="product-grid-cell_price-container product-grid-cell_price-container--mobile"><span class="product-grid-cell_main-price"><!---->
    $1.79
  </span> <!----></div> <!----></div> <!----></div> <div class="mobile-product-list-cell_name-content"><div class="skeleton-loader_wrapper"><div class="product-grid-cell_name"><a id="product-name-57406-16761547344851525" href="#" data-opens-modal="true" aria-haspopup="dialog" class="product-grid-cell_name-text product-grid-cell_name-text--clamp-2"><span class="vector-icon_inline-text--left mr-0"><div class="vector-icon-size--xsmall"><svg xmlns="http://www.w3.org/2000/svg" aria-label="Ahold Icon" viewBox="0 0 1024 945" role="presentation" aria-hidden="true" focusable="false" class=""><title lang="en">Ahold Icon</title><desc></desc><g fill="" stroke=""><g><path d="M1.893 730.617c-1.289-2.094-2.052-4.631-2.052-7.346 0-.747.058-1.481.169-2.197.158-12.396 10.227-22.466 22.687-22.634h895.306c12.476.168 22.545 10.237 22.713 22.698-.521 3.721-1.182 6.924-2.024 10.053l.131-.574c-86.363 175.072-263.598 293.385-468.466 293.385S88.254 905.689 3.252 733.663l-1.361-3.046z" fill="#F7A800" class="path1"></path> <path d="M107.889 132.495c1.893-1.893 1.893-3.786 3.786-5.678 2.98-3.491 7.385-5.69 12.303-5.69s9.323 2.199 12.284 5.668l.019.022L613.264 603.8c3.491 2.98 5.69 7.385 5.69 12.303s-2.199 9.323-5.668 12.284c-1.399 1.869-3.361 3.216-5.631 3.789l-.069.015c-38.446 13.732-82.796 21.669-129.001 21.669-108.416 0-206.626-43.699-277.977-114.443C130.241 467.591 86.799 369.1 86.799 260.462c0-45.803 7.722-89.803 21.936-130.767l-.845 2.8z" fill="#E2231A" class="path2"></path> <path d="M600.015 1.893a6.922 6.922 0 0 1 5.713-1.889c.057-.006.164-.007.272-.007 7.15 0 12.947 5.796 12.947 12.947 0 .108-.001.215-.004.322v-.016 503.482c.002.091.004.199.004.306 0 7.15-5.796 12.947-12.947 12.947-.108 0-.215-.001-.322-.004a6.925 6.925 0 0 1-5.665-1.895l.002.002c-98.273-48.542-164.673-148.065-164.673-263.098S501.743 50.434 598.306 2.657l1.709-.765z" fill="#712177" class="path3"></path> <path d="M938.824 283.919c1.893 0 1.893 1.893 3.786 1.893 1.765 2.012 2.841 4.666 2.841 7.571s-1.077 5.559-2.853 7.584l.011-.013-268.776 266.884c-2.012 1.765-4.666 2.841-7.571 2.841s-5.559-1.077-7.584-2.853a3.774 3.774 0 0 1-1.877-3.793l-.002.019c-7.681-21.529-12.12-46.363-12.12-72.235 0-61.263 24.891-116.712 65.111-156.786 39.326-39.792 93.895-64.431 154.219-64.431 26.857 0 52.573 4.884 76.309 13.812l-1.494-.493z" fill="#82BC00" class="path4"></path></g></g></svg></div></span>
    Stop &amp; Shop Whole Kernel Sweet Corn Frozen
  </a></div> <!----> <!----></div> <div class="skeleton-loader_wrapper"><div class="product-grid-cell_sizes"><span class="product-grid-cell_size">
    16 OZ BAG
  </span> <span aria-hidden="true">
    |
  </span> <!----> <span class="product-grid-cell_unit">
    $0.11 / OZ
  </span></div> <!----></div> <!----> <!----> <!----> <!----> <!----> <!----> <!----></div> <div class="mobile-product-list-cell_bottom"><div class="mobile-product-list-cell_bottom_cart-ui-wrapper"><!----> <!----> <div class="pdl-add-to-cart"><div class="pdl-add-to-cart_button"><button aria-label="Add to cart" data-product-id="57406" data-price="1.79" class="button button--add-to-cart">
      Add to cart
      <!----></button> <!----> <!----> <!----></div> <!----></div></div> <!----></div></div></div> <div class="product-tile_action-items"><!----> <!----> <div class="shopping-list-menu_container"><div class="relative-el"><button aria-label="add to shopping list" class="button pdl-product-detail_top-icon button--fourth pdl-product-detail_top-icon--borderless"><!----> <div class="vector-icon-size--large"><svg xmlns="http://www.w3.org/2000/svg" aria-label="Shopping List Icon Add" viewBox="0 0 32 32" role="presentation" aria-hidden="true" focusable="false" class="vector-icon-color--dark-grey"><title lang="en">Shopping List Icon Add</title><desc></desc><g fill="" stroke=""><g><path d="M21.94066,15.3368884 L21.94066,12.8931995 C21.94066,12.3409148 22.3883752,11.8931995 22.94066,11.8931995 C23.4929447,11.8931995 23.94066,12.3409148 23.94066,12.8931995 L23.94066,15.3368884 L26.2522624,15.3368884 C26.8045471,15.3368884 27.2522624,15.7846037 27.2522624,16.3368884 C27.2522624,16.8891732 26.8045471,17.3368884 26.2522624,17.3368884 L23.94066,17.3368884 L23.94066,19.8787952 C23.94066,20.43108 23.4929447,20.8787952 22.94066,20.8787952 C22.3883752,20.8787952 21.94066,20.43108 21.94066,19.8787952 L21.94066,17.3368884 L19.2666667,17.3368884 C18.7143819,17.3368884 18.2666667,16.8891732 18.2666667,16.3368884 C18.2666667,15.7846037 18.7143819,15.3368884 19.2666667,15.3368884 L21.94066,15.3368884 Z M8,12 C7.44771525,12 7,11.5522847 7,11 C7,10.4477153 7.44771525,10 8,10 L19.1153581,10 C19.6676429,10 20.1153581,10.4477153 20.1153581,11 C20.1153581,11.5522847 19.6676429,12 19.1153581,12 L8,12 Z M8,17.3368884 C7.44771525,17.3368884 7,16.8891732 7,16.3368884 C7,15.7846037 7.44771525,15.3368884 8,15.3368884 L14.7200696,15.3368884 C15.2723543,15.3368884 15.7200696,15.7846037 15.7200696,16.3368884 C15.7200696,16.8891732 15.2723543,17.3368884 14.7200696,17.3368884 L8,17.3368884 Z M8,23 C7.44771525,23 7,22.5522847 7,22 C7,21.4477153 7.44771525,21 8,21 L19.1153581,21 C19.6676429,21 20.1153581,21.4477153 20.1153581,22 C20.1153581,22.5522847 19.6676429,23 19.1153581,23 L8,23 Z" fill="#000000" fill-rule="nonzero"></path></g></g></svg></div> <div class="pdl-product-detail_list-tooltip"><p>Add item to shopping list</p> <em></em></div></button></div></div></div> <!----></li> <!----><!----> <!----> <!----> <!----> <li tabindex="-1" data-product-id="56263" class="slot mobile-product-list-cell"><!----> <!----> <!----> <!----> <div class="mobile-product-list-cell_content"><div><!----> <div class="flag_outer-container"><!----> <!----> <!----> <!----></div></div> <div class="mobile-product-list-cell_left"><div><!----> <img src="data:image/svg+xml;base64,PD94bWwgdmVyc2lvbj0iMS4wIiBlbmNvZGluZz0idXRmLTgiPz4KPCEtLSBHZW5lcmF0ZWQgYnkgSWNvTW9vbi5pbyAtLT4KPCFET0NUWVBFIHN2ZyBQVUJMSUMgIi0vL1czQy8vRFREIFNWRyAxLjEvL0VOIiAiaHR0cDovL3d3dy53My5vcmcvR3JhcGhpY3MvU1ZHLzEuMS9EVEQvc3ZnMTEuZHRkIj4KPHN2ZyB2ZXJzaW9uPSIxLjEiIHhtbG5zPSJodHRwOi8vd3d3LnczLm9yZy8yMDAwL3N2ZyIgeG1sbnM6eGxpbms9Imh0dHA6Ly93d3cudzMub3JnLzE5OTkveGxpbmsiIHdpZHRoPSI0OCIgaGVpZ2h0PSI0OCIgdmlld0JveD0iMCAwIDQ4IDQ4Ij4KPGcgaWQ9Imljb21vb24taWdub3JlIj4KCTxsaW5lIHN0cm9rZS13aWR0aD0iMSIgeDE9IiIgeTE9IiIgeDI9IiIgeTI9IiIgc3Ryb2tlPSIjNDQ5RkRCIiBvcGFjaXR5PSIiPjwvbGluZT4KPC9nPgoJPHBhdGggZD0iTTM4LjQ4IDkuMDcwYzAuMjQ4IDAgMC40NSAwLjIwMiAwLjQ1IDAuNDV2MjguOTU5YzAgMC4yNDgtMC4yMDIgMC40NS0wLjQ1IDAuNDVoLTI4Ljk1OWMtMC4yNDggMC0wLjQ1LTAuMjAyLTAuNDUtMC40NXYtMjguOTU5YzAtMC4yNDggMC4yMDItMC40NSAwLjQ1LTAuNDVoMjguOTU5ek0zOC40OCA4aC0yOC45NTljLTAuODQgMC0xLjUyIDAuNjgxLTEuNTIgMS41MjF2MjguOTU5YzAgMC44NCAwLjY4MSAxLjUyMSAxLjUyIDEuNTIxaDI4Ljk1OWMwLjg0IDAgMS41Mi0wLjY4MSAxLjUyLTEuNTIxdi0yOC45NTljMC0wLjg0LTAuNjgxLTEuNTIxLTEuNTItMS41MjF2MHoiIG9wYWNpdHk9IjEiIHZpc2liaWxpdHk9ImZhbHNlIiBmaWxsPSIjZDdkN2Q3Ij48L3BhdGg+Cgk8cGF0aCBkPSJNMTIuMjI4IDM1LjIyNHYtMy4zMjljMC0wLjE0NSAwLjA1OC0wLjI4NSAwLjE2LTAuMzg4bDUuNTg3LTUuNTg3YzAuMjE0LTAuMjE0IDAuNTYxLTAuMjE0IDAuNzc1IDBsMi4xMTkgMi4xMTljMC4yMTQgMC4yMTQgMC41NjEgMC4yMTQgMC43NzUgMGw4LjE5MS04LjE5MmMwLjIxNC0wLjIxNCAwLjU2MS0wLjIxNCAwLjc3NSAwbDUgNWMwLjEwMyAwLjEwMyAwLjE2IDAuMjQyIDAuMTYgMC4zODh2OS45ODhjMCAwLjMwMy0wLjI0NSAwLjU0OC0wLjU0OCAwLjU0OGgtMjIuNDQ3Yy0wLjMwMyAwLTAuNTQ4LTAuMjQ1LTAuNTQ4LTAuNTQ4eiIgb3BhY2l0eT0iMSIgdmlzaWJpbGl0eT0iZmFsc2UiIGZpbGw9IiNkN2Q3ZDciPjwvcGF0aD4KCTxwYXRoIGQ9Ik0yMS41NDQgMTcuOTY3YzAgMS45ODItMS42MDYgMy41ODgtMy41ODggMy41ODhzLTMuNTg4LTEuNjA2LTMuNTg4LTMuNTg4YzAtMS45ODEgMS42MDYtMy41ODggMy41ODgtMy41ODhzMy41ODggMS42MDYgMy41ODggMy41ODh6IiBvcGFjaXR5PSIxIiB2aXNpYmlsaXR5PSJmYWxzZSIgZmlsbD0iI2Q3ZDdkNyI+PC9wYXRoPgo8L3N2Zz4K" alt="Stop &amp; Shop Hot Dog Rolls - 8 ct" skeleton-box-size="9rem" class="product-grid-image object-contain"></div></div> <div class="mobile-product-list-cell_info"><div class="product-tile_detail"><div class="skeleton-loader_wrapper cursor-pointer"><div class="product-grid-cell_price-container product-grid-cell_price-container--mobile"><span class="product-grid-cell_main-price"><!---->
    $2.50
  </span> <!----></div> <!----></div> <!----></div> <div class="mobile-product-list-cell_name-content"><div class="skeleton-loader_wrapper"><div class="product-grid-cell_name"><a id="product-name-56263-16761547344898339" href="#" data-opens-modal="true" aria-haspopup="dialog" class="product-grid-cell_name-text product-grid-cell_name-text--clamp-2"><span class="vector-icon_inline-text--left mr-0"><div class="vector-icon-size--xsmall"><svg xmlns="http://www.w3.org/2000/svg" aria-label="Ahold Icon" viewBox="0 0 1024 945" role="presentation" aria-hidden="true" focusable="false" class=""><title lang="en">Ahold Icon</title><desc></desc><g fill="" stroke=""><g><path d="M1.893 730.617c-1.289-2.094-2.052-4.631-2.052-7.346 0-.747.058-1.481.169-2.197.158-12.396 10.227-22.466 22.687-22.634h895.306c12.476.168 22.545 10.237 22.713 22.698-.521 3.721-1.182 6.924-2.024 10.053l.131-.574c-86.363 175.072-263.598 293.385-468.466 293.385S88.254 905.689 3.252 733.663l-1.361-3.046z" fill="#F7A800" class="path1"></path> <path d="M107.889 132.495c1.893-1.893 1.893-3.786 3.786-5.678 2.98-3.491 7.385-5.69 12.303-5.69s9.323 2.199 12.284 5.668l.019.022L613.264 603.8c3.491 2.98 5.69 7.385 5.69 12.303s-2.199 9.323-5.668 12.284c-1.399 1.869-3.361 3.216-5.631 3.789l-.069.015c-38.446 13.732-82.796 21.669-129.001 21.669-108.416 0-206.626-43.699-277.977-114.443C130.241 467.591 86.799 369.1 86.799 260.462c0-45.803 7.722-89.803 21.936-130.767l-.845 2.8z" fill="#E2231A" class="path2"></path> <path d="M600.015 1.893a6.922 6.922 0 0 1 5.713-1.889c.057-.006.164-.007.272-.007 7.15 0 12.947 5.796 12.947 12.947 0 .108-.001.215-.004.322v-.016 503.482c.002.091.004.199.004.306 0 7.15-5.796 12.947-12.947 12.947-.108 0-.215-.001-.322-.004a6.925 6.925 0 0 1-5.665-1.895l.002.002c-98.273-48.542-164.673-148.065-164.673-263.098S501.743 50.434 598.306 2.657l1.709-.765z" fill="#712177" class="path3"></path> <path d="M938.824 283.919c1.893 0 1.893 1.893 3.786 1.893 1.765 2.012 2.841 4.666 2.841 7.571s-1.077 5.559-2.853 7.584l.011-.013-268.776 266.884c-2.012 1.765-4.666 2.841-7.571 2.841s-5.559-1.077-7.584-2.853a3.774 3.774 0 0 1-1.877-3.793l-.002.019c-7.681-21.529-12.12-46.363-12.12-72.235 0-61.263 24.891-116.712 65.111-156.786 39.326-39.792 93.895-64.431 154.219-64.431 26.857 0 52.573 4.884 76.309 13.812l-1.494-.493z" fill="#82BC00" class="path4"></path></g></g></svg></div></span>
    Stop &amp; Shop Hot Dog Rolls - 8 ct
  </a></div> <!----> <!----></div> <div class="skeleton-loader_wrapper"><div class="product-grid-cell_sizes"><span class="product-grid-cell_size">
    12 OZ PKG
  </span> <span aria-hidden="true">
    |
  </span> <!----> <span class="product-grid-cell_unit">
    $0.21 / OZ
  </span></div> <!----></div> <!----> <!----> <!----> <!----> <!----> <!----> <!----></div> <div class="mobile-product-list-cell_bottom"><div class="mobile-product-list-cell_bottom_cart-ui-wrapper"><!----> <!----> <div class="pdl-add-to-cart"><div class="pdl-add-to-cart_button"><button aria-label="Add to cart" data-product-id="56263" data-price="2.5" class="button button--add-to-cart">
      Add to cart
      <!----></button> <!----> <!----> <!----></div> <!----></div></div> <!----></div></div></div> <div class="product-tile_action-items"><!----> <!----> <div class="shopping-list-menu_container"><div class="relative-el"><button aria-label="add to shopping list" class="button pdl-product-detail_top-icon button--fourth pdl-product-detail_top-icon--borderless"><!----> <div class="vector-icon-size--large"><svg xmlns="http://www.w3.org/2000/svg" aria-label="Shopping List Icon Add" viewBox="0 0 32 32" role="presentation" aria-hidden="true" focusable="false" class="vector-icon-color--dark-grey"><title lang="en">Shopping List Icon Add</title><desc></desc><g fill="" stroke=""><g><path d="M21.94066,15.3368884 L21.94066,12.8931995 C21.94066,12.3409148 22.3883752,11.8931995 22.94066,11.8931995 C23.4929447,11.8931995 23.94066,12.3409148 23.94066,12.8931995 L23.94066,15.3368884 L26.2522624,15.3368884 C26.8045471,15.3368884 27.2522624,15.7846037 27.2522624,16.3368884 C27.2522624,16.8891732 26.8045471,17.3368884 26.2522624,17.3368884 L23.94066,17.3368884 L23.94066,19.8787952 C23.94066,20.43108 23.4929447,20.8787952 22.94066,20.8787952 C22.3883752,20.8787952 21.94066,20.43108 21.94066,19.8787952 L21.94066,17.3368884 L19.2666667,17.3368884 C18.7143819,17.3368884 18.2666667,16.8891732 18.2666667,16.3368884 C18.2666667,15.7846037 18.7143819,15.3368884 19.2666667,15.3368884 L21.94066,15.3368884 Z M8,12 C7.44771525,12 7,11.5522847 7,11 C7,10.4477153 7.44771525,10 8,10 L19.1153581,10 C19.6676429,10 20.1153581,10.4477153 20.1153581,11 C20.1153581,11.5522847 19.6676429,12 19.1153581,12 L8,12 Z M8,17.3368884 C7.44771525,17.3368884 7,16.8891732 7,16.3368884 C7,15.7846037 7.44771525,15.3368884 8,15.3368884 L14.7200696,15.3368884 C15.2723543,15.3368884 15.7200696,15.7846037 15.7200696,16.3368884 C15.7200696,16.8891732 15.2723543,17.3368884 14.7200696,17.3368884 L8,17.3368884 Z M8,23 C7.44771525,23 7,22.5522847 7,22 C7,21.4477153 7.44771525,21 8,21 L19.1153581,21 C19.6676429,21 20.1153581,21.4477153 20.1153581,22 C20.1153581,22.5522847 19.6676429,23 19.1153581,23 L8,23 Z" fill="#000000" fill-rule="nonzero"></path></g></g></svg></div> <div class="pdl-product-detail_list-tooltip"><p>Add item to shopping list</p> <em></em></div></button></div></div></div> <!----></li> <!----><!----> <!----> <!----> <!----> <li tabindex="-1" data-product-id="143020" class="slot mobile-product-list-cell"><!----> <!----> <!----> <!----> <div class="mobile-product-list-cell_content"><div><!----> <div class="flag_outer-container"><!----> <!----> <!----> <!----></div></div> <div class="mobile-product-list-cell_left"><div><!----> <img src="data:image/svg+xml;base64,PD94bWwgdmVyc2lvbj0iMS4wIiBlbmNvZGluZz0idXRmLTgiPz4KPCEtLSBHZW5lcmF0ZWQgYnkgSWNvTW9vbi5pbyAtLT4KPCFET0NUWVBFIHN2ZyBQVUJMSUMgIi0vL1czQy8vRFREIFNWRyAxLjEvL0VOIiAiaHR0cDovL3d3dy53My5vcmcvR3JhcGhpY3MvU1ZHLzEuMS9EVEQvc3ZnMTEuZHRkIj4KPHN2ZyB2ZXJzaW9uPSIxLjEiIHhtbG5zPSJodHRwOi8vd3d3LnczLm9yZy8yMDAwL3N2ZyIgeG1sbnM6eGxpbms9Imh0dHA6Ly93d3cudzMub3JnLzE5OTkveGxpbmsiIHdpZHRoPSI0OCIgaGVpZ2h0PSI0OCIgdmlld0JveD0iMCAwIDQ4IDQ4Ij4KPGcgaWQ9Imljb21vb24taWdub3JlIj4KCTxsaW5lIHN0cm9rZS13aWR0aD0iMSIgeDE9IiIgeTE9IiIgeDI9IiIgeTI9IiIgc3Ryb2tlPSIjNDQ5RkRCIiBvcGFjaXR5PSIiPjwvbGluZT4KPC9nPgoJPHBhdGggZD0iTTM4LjQ4IDkuMDcwYzAuMjQ4IDAgMC40NSAwLjIwMiAwLjQ1IDAuNDV2MjguOTU5YzAgMC4yNDgtMC4yMDIgMC40NS0wLjQ1IDAuNDVoLTI4Ljk1OWMtMC4yNDggMC0wLjQ1LTAuMjAyLTAuNDUtMC40NXYtMjguOTU5YzAtMC4yNDggMC4yMDItMC40NSAwLjQ1LTAuNDVoMjguOTU5ek0zOC40OCA4aC0yOC45NTljLTAuODQgMC0xLjUyIDAuNjgxLTEuNTIgMS41MjF2MjguOTU5YzAgMC44NCAwLjY4MSAxLjUyMSAxLjUyIDEuNTIxaDI4Ljk1OWMwLjg0IDAgMS41Mi0wLjY4MSAxLjUyLTEuNTIxdi0yOC45NTljMC0wLjg0LTAuNjgxLTEuNTIxLTEuNTItMS41MjF2MHoiIG9wYWNpdHk9IjEiIHZpc2liaWxpdHk9ImZhbHNlIiBmaWxsPSIjZDdkN2Q3Ij48L3BhdGg+Cgk8cGF0aCBkPSJNMTIuMjI4IDM1LjIyNHYtMy4zMjljMC0wLjE0NSAwLjA1OC0wLjI4NSAwLjE2LTAuMzg4bDUuNTg3LTUuNTg3YzAuMjE0LTAuMjE0IDAuNTYxLTAuMjE0IDAuNzc1IDBsMi4xMTkgMi4xMTljMC4yMTQgMC4yMTQgMC41NjEgMC4yMTQgMC43NzUgMGw4LjE5MS04LjE5MmMwLjIxNC0wLjIxNCAwLjU2MS0wLjIxNCAwLjc3NSAwbDUgNWMwLjEwMyAwLjEwMyAwLjE2IDAuMjQyIDAuMTYgMC4zODh2OS45ODhjMCAwLjMwMy0wLjI0NSAwLjU0OC0wLjU0OCAwLjU0OGgtMjIuNDQ3Yy0wLjMwMyAwLTAuNTQ4LTAuMjQ1LTAuNTQ4LTAuNTQ4eiIgb3BhY2l0eT0iMSIgdmlzaWJpbGl0eT0iZmFsc2UiIGZpbGw9IiNkN2Q3ZDciPjwvcGF0aD4KCTxwYXRoIGQ9Ik0yMS41NDQgMTcuOTY3YzAgMS45ODItMS42MDYgMy41ODgtMy41ODggMy41ODhzLTMuNTg4LTEuNjA2LTMuNTg4LTMuNTg4YzAtMS45ODEgMS42MDYtMy41ODggMy41ODgtMy41ODhzMy41ODggMS42MDYgMy41ODggMy41ODh6IiBvcGFjaXR5PSIxIiB2aXNpYmlsaXR5PSJmYWxzZSIgZmlsbD0iI2Q3ZDdkNyI+PC9wYXRoPgo8L3N2Zz4K" alt="Banquet Brown 'N Serve Original Sausage Links - 10 ct Frozen" skeleton-box-size="9rem" class="product-grid-image object-contain"></div></div> <div class="mobile-product-list-cell_info"><div class="product-tile_detail"><div class="skeleton-loader_wrapper cursor-pointer"><div class="product-grid-cell_price-container product-grid-cell_price-container--mobile"><span class="product-grid-cell_main-price"><!---->
    $2.49
  </span> <!----></div> <!----></div> <!----></div> <div class="mobile-product-list-cell_name-content"><div class="skeleton-loader_wrapper"><div class="product-grid-cell_name"><a id="product-name-143020-16761547344902066" href="#" data-opens-modal="true" aria-haspopup="dialog" class="product-grid-cell_name-text product-grid-cell_name-text--clamp-2"><!---->
    Banquet Brown 'N Serve Original Sausage Links - 10 ct Frozen
  </a></div> <!----> <!----></div> <div class="skeleton-loader_wrapper"><div class="product-grid-cell_sizes"><span class="product-grid-cell_size">
    6.4 OZ BOX
  </span> <span aria-hidden="true">
    |
  </span> <!----> <span class="product-grid-cell_unit">
    $6.23 / LB
  </span></div> <!----></div> <!----> <!----> <!----> <!----> <!----> <!----> <!----></div> <div class="mobile-product-list-cell_bottom"><div class="mobile-product-list-cell_bottom_cart-ui-wrapper"><!----> <!----> <div class="pdl-add-to-cart"><div class="pdl-add-to-cart_button"><button aria-label="Add to cart" data-product-id="143020" data-price="2.49" class="button button--add-to-cart">
      Add to cart
      <!----></button> <!----> <!----> <!----></div> <!----></div></div> <!----></div></div></div> <div class="product-tile_action-items"><!----> <!----> <div class="shopping-list-menu_container"><div class="relative-el"><button aria-label="add to shopping list" class="button pdl-product-detail_top-icon button--fourth pdl-product-detail_top-icon--borderless"><!----> <div class="vector-icon-size--large"><svg xmlns="http://www.w3.org/2000/svg" aria-label="Shopping List Icon Add" viewBox="0 0 32 32" role="presentation" aria-hidden="true" focusable="false" class="vector-icon-color--dark-grey"><title lang="en">Shopping List Icon Add</title><desc></desc><g fill="" stroke=""><g><path d="M21.94066,15.3368884 L21.94066,12.8931995 C21.94066,12.3409148 22.3883752,11.8931995 22.94066,11.8931995 C23.4929447,11.8931995 23.94066,12.3409148 23.94066,12.8931995 L23.94066,15.3368884 L26.2522624,15.3368884 C26.8045471,15.3368884 27.2522624,15.7846037 27.2522624,16.3368884 C27.2522624,16.8891732 26.8045471,17.3368884 26.2522624,17.3368884 L23.94066,17.3368884 L23.94066,19.8787952 C23.94066,20.43108 23.4929447,20.8787952 22.94066,20.8787952 C22.3883752,20.8787952 21.94066,20.43108 21.94066,19.8787952 L21.94066,17.3368884 L19.2666667,17.3368884 C18.7143819,17.3368884 18.2666667,16.8891732 18.2666667,16.3368884 C18.2666667,15.7846037 18.7143819,15.3368884 19.2666667,15.3368884 L21.94066,15.3368884 Z M8,12 C7.44771525,12 7,11.5522847 7,11 C7,10.4477153 7.44771525,10 8,10 L19.1153581,10 C19.6676429,10 20.1153581,10.4477153 20.1153581,11 C20.1153581,11.5522847 19.6676429,12 19.1153581,12 L8,12 Z M8,17.3368884 C7.44771525,17.3368884 7,16.8891732 7,16.3368884 C7,15.7846037 7.44771525,15.3368884 8,15.3368884 L14.7200696,15.3368884 C15.2723543,15.3368884 15.7200696,15.7846037 15.7200696,16.3368884 C15.7200696,16.8891732 15.2723543,17.3368884 14.7200696,17.3368884 L8,17.3368884 Z M8,23 C7.44771525,23 7,22.5522847 7,22 C7,21.4477153 7.44771525,21 8,21 L19.1153581,21 C19.6676429,21 20.1153581,21.4477153 20.1153581,22 C20.1153581,22.5522847 19.6676429,23 19.1153581,23 L8,23 Z" fill="#000000" fill-rule="nonzero"></path></g></g></svg></div> <div class="pdl-product-detail_list-tooltip"><p>Add item to shopping list</p> <em></em></div></button></div></div></div> <!----></li> <!----><!----> <!----> <!----> <!----> <li tabindex="-1" data-product-id="24939" class="slot mobile-product-list-cell"><!----> <!----> <!----> <!----> <div class="mobile-product-list-cell_content"><div><!----> <div class="flag_outer-container"><!----> <!----> <!----> <!----></div></div> <div class="mobile-product-list-cell_left"><div><!----> <img src="data:image/svg+xml;base64,PD94bWwgdmVyc2lvbj0iMS4wIiBlbmNvZGluZz0idXRmLTgiPz4KPCEtLSBHZW5lcmF0ZWQgYnkgSWNvTW9vbi5pbyAtLT4KPCFET0NUWVBFIHN2ZyBQVUJMSUMgIi0vL1czQy8vRFREIFNWRyAxLjEvL0VOIiAiaHR0cDovL3d3dy53My5vcmcvR3JhcGhpY3MvU1ZHLzEuMS9EVEQvc3ZnMTEuZHRkIj4KPHN2ZyB2ZXJzaW9uPSIxLjEiIHhtbG5zPSJodHRwOi8vd3d3LnczLm9yZy8yMDAwL3N2ZyIgeG1sbnM6eGxpbms9Imh0dHA6Ly93d3cudzMub3JnLzE5OTkveGxpbmsiIHdpZHRoPSI0OCIgaGVpZ2h0PSI0OCIgdmlld0JveD0iMCAwIDQ4IDQ4Ij4KPGcgaWQ9Imljb21vb24taWdub3JlIj4KCTxsaW5lIHN0cm9rZS13aWR0aD0iMSIgeDE9IiIgeTE9IiIgeDI9IiIgeTI9IiIgc3Ryb2tlPSIjNDQ5RkRCIiBvcGFjaXR5PSIiPjwvbGluZT4KPC9nPgoJPHBhdGggZD0iTTM4LjQ4IDkuMDcwYzAuMjQ4IDAgMC40NSAwLjIwMiAwLjQ1IDAuNDV2MjguOTU5YzAgMC4yNDgtMC4yMDIgMC40NS0wLjQ1IDAuNDVoLTI4Ljk1OWMtMC4yNDggMC0wLjQ1LTAuMjAyLTAuNDUtMC40NXYtMjguOTU5YzAtMC4yNDggMC4yMDItMC40NSAwLjQ1LTAuNDVoMjguOTU5ek0zOC40OCA4aC0yOC45NTljLTAuODQgMC0xLjUyIDAuNjgxLTEuNTIgMS41MjF2MjguOTU5YzAgMC44NCAwLjY4MSAxLjUyMSAxLjUyIDEuNTIxaDI4Ljk1OWMwLjg0IDAgMS41Mi0wLjY4MSAxLjUyLTEuNTIxdi0yOC45NTljMC0wLjg0LTAuNjgxLTEuNTIxLTEuNTItMS41MjF2MHoiIG9wYWNpdHk9IjEiIHZpc2liaWxpdHk9ImZhbHNlIiBmaWxsPSIjZDdkN2Q3Ij48L3BhdGg+Cgk8cGF0aCBkPSJNMTIuMjI4IDM1LjIyNHYtMy4zMjljMC0wLjE0NSAwLjA1OC0wLjI4NSAwLjE2LTAuMzg4bDUuNTg3LTUuNTg3YzAuMjE0LTAuMjE0IDAuNTYxLTAuMjE0IDAuNzc1IDBsMi4xMTkgMi4xMTljMC4yMTQgMC4yMTQgMC41NjEgMC4yMTQgMC43NzUgMGw4LjE5MS04LjE5MmMwLjIxNC0wLjIxNCAwLjU2MS0wLjIxNCAwLjc3NSAwbDUgNWMwLjEwMyAwLjEwMyAwLjE2IDAuMjQyIDAuMTYgMC4zODh2OS45ODhjMCAwLjMwMy0wLjI0NSAwLjU0OC0wLjU0OCAwLjU0OGgtMjIuNDQ3Yy0wLjMwMyAwLTAuNTQ4LTAuMjQ1LTAuNTQ4LTAuNTQ4eiIgb3BhY2l0eT0iMSIgdmlzaWJpbGl0eT0iZmFsc2UiIGZpbGw9IiNkN2Q3ZDciPjwvcGF0aD4KCTxwYXRoIGQ9Ik0yMS41NDQgMTcuOTY3YzAgMS45ODItMS42MDYgMy41ODgtMy41ODggMy41ODhzLTMuNTg4LTEuNjA2LTMuNTg4LTMuNTg4YzAtMS45ODEgMS42MDYtMy41ODggMy41ODgtMy41ODhzMy41ODggMS42MDYgMy41ODggMy41ODh6IiBvcGFjaXR5PSIxIiB2aXNpYmlsaXR5PSJmYWxzZSIgZmlsbD0iI2Q3ZDdkNyI+PC9wYXRoPgo8L3N2Zz4K" alt="Old El Paso Taco Seasoning Mix Packet 25% Less Sodium" skeleton-box-size="9rem" class="product-grid-image object-contain"></div></div> <div class="mobile-product-list-cell_info"><div class="product-tile_detail"><div class="skeleton-loader_wrapper cursor-pointer"><div class="product-grid-cell_price-container product-grid-cell_price-container--mobile"><span class="product-grid-cell_main-price"><!---->
    $1.49
  </span> <!----></div> <!----></div> <!----></div> <div class="mobile-product-list-cell_name-content"><div class="skeleton-loader_wrapper"><div class="product-grid-cell_name"><a id="product-name-24939-16761547344941555" href="#" data-opens-modal="true" aria-haspopup="dialog" class="product-grid-cell_name-text product-grid-cell_name-text--clamp-2"><!---->
    Old El Paso Taco Seasoning Mix Packet 25% Less Sodium
  </a></div> <!----> <!----></div> <div class="skeleton-loader_wrapper"><div class="product-grid-cell_sizes"><span class="product-grid-cell_size">
    1 OZ PKT
  </span> <span aria-hidden="true">
    |
  </span> <!----> <span class="product-grid-cell_unit">
    $1.49 / OZ
  </span></div> <!----></div> <!----> <!----> <!----> <!----> <!----> <!----> <!----></div> <div class="mobile-product-list-cell_bottom"><div class="mobile-product-list-cell_bottom_cart-ui-wrapper"><!----> <!----> <div class="pdl-add-to-cart"><div class="pdl-add-to-cart_button"><button aria-label="Add to cart" data-product-id="24939" data-price="1.49" class="button button--add-to-cart">
      Add to cart
      <!----></button> <!----> <!----> <!----></div> <!----></div></div> <!----></div></div></div> <div class="product-tile_action-items"><!----> <!----> <div class="shopping-list-menu_container"><div class="relative-el"><button aria-label="add to shopping list" class="button pdl-product-detail_top-icon button--fourth pdl-product-detail_top-icon--borderless"><!----> <div class="vector-icon-size--large"><svg xmlns="http://www.w3.org/2000/svg" aria-label="Shopping List Icon Add" viewBox="0 0 32 32" role="presentation" aria-hidden="true" focusable="false" class="vector-icon-color--dark-grey"><title lang="en">Shopping List Icon Add</title><desc></desc><g fill="" stroke=""><g><path d="M21.94066,15.3368884 L21.94066,12.8931995 C21.94066,12.3409148 22.3883752,11.8931995 22.94066,11.8931995 C23.4929447,11.8931995 23.94066,12.3409148 23.94066,12.8931995 L23.94066,15.3368884 L26.2522624,15.3368884 C26.8045471,15.3368884 27.2522624,15.7846037 27.2522624,16.3368884 C27.2522624,16.8891732 26.8045471,17.3368884 26.2522624,17.3368884 L23.94066,17.3368884 L23.94066,19.8787952 C23.94066,20.43108 23.4929447,20.8787952 22.94066,20.8787952 C22.3883752,20.8787952 21.94066,20.43108 21.94066,19.8787952 L21.94066,17.3368884 L19.2666667,17.3368884 C18.7143819,17.3368884 18.2666667,16.8891732 18.2666667,16.3368884 C18.2666667,15.7846037 18.7143819,15.3368884 19.2666667,15.3368884 L21.94066,15.3368884 Z M8,12 C7.44771525,12 7,11.5522847 7,11 C7,10.4477153 7.44771525,10 8,10 L19.1153581,10 C19.6676429,10 20.1153581,10.4477153 20.1153581,11 C20.1153581,11.5522847 19.6676429,12 19.1153581,12 L8,12 Z M8,17.3368884 C7.44771525,17.3368884 7,16.8891732 7,16.3368884 C7,15.7846037 7.44771525,15.3368884 8,15.3368884 L14.7200696,15.3368884 C15.2723543,15.3368884 15.7200696,15.7846037 15.7200696,16.3368884 C15.7200696,16.8891732 15.2723543,17.3368884 14.7200696,17.3368884 L8,17.3368884 Z M8,23 C7.44771525,23 7,22.5522847 7,22 C7,21.4477153 7.44771525,21 8,21 L19.1153581,21 C19.6676429,21 20.1153581,21.4477153 20.1153581,22 C20.1153581,22.5522847 19.6676429,23 19.1153581,23 L8,23 Z" fill="#000000" fill-rule="nonzero"></path></g></g></svg></div> <div class="pdl-product-detail_list-tooltip"><p>Add item to shopping list</p> <em></em></div></button></div></div></div> <!----></li> <!----><!----> <!----> <!----> <!----> <li tabindex="-1" data-product-id="1180" class="slot mobile-product-list-cell"><!----> <!----> <!----> <!----> <div class="mobile-product-list-cell_content"><div><!----> <div class="flag_outer-container"><!----> <!----> <!----> <!----></div></div> <div class="mobile-product-list-cell_left"><div><!----> <img src="data:image/svg+xml;base64,PD94bWwgdmVyc2lvbj0iMS4wIiBlbmNvZGluZz0idXRmLTgiPz4KPCEtLSBHZW5lcmF0ZWQgYnkgSWNvTW9vbi5pbyAtLT4KPCFET0NUWVBFIHN2ZyBQVUJMSUMgIi0vL1czQy8vRFREIFNWRyAxLjEvL0VOIiAiaHR0cDovL3d3dy53My5vcmcvR3JhcGhpY3MvU1ZHLzEuMS9EVEQvc3ZnMTEuZHRkIj4KPHN2ZyB2ZXJzaW9uPSIxLjEiIHhtbG5zPSJodHRwOi8vd3d3LnczLm9yZy8yMDAwL3N2ZyIgeG1sbnM6eGxpbms9Imh0dHA6Ly93d3cudzMub3JnLzE5OTkveGxpbmsiIHdpZHRoPSI0OCIgaGVpZ2h0PSI0OCIgdmlld0JveD0iMCAwIDQ4IDQ4Ij4KPGcgaWQ9Imljb21vb24taWdub3JlIj4KCTxsaW5lIHN0cm9rZS13aWR0aD0iMSIgeDE9IiIgeTE9IiIgeDI9IiIgeTI9IiIgc3Ryb2tlPSIjNDQ5RkRCIiBvcGFjaXR5PSIiPjwvbGluZT4KPC9nPgoJPHBhdGggZD0iTTM4LjQ4IDkuMDcwYzAuMjQ4IDAgMC40NSAwLjIwMiAwLjQ1IDAuNDV2MjguOTU5YzAgMC4yNDgtMC4yMDIgMC40NS0wLjQ1IDAuNDVoLTI4Ljk1OWMtMC4yNDggMC0wLjQ1LTAuMjAyLTAuNDUtMC40NXYtMjguOTU5YzAtMC4yNDggMC4yMDItMC40NSAwLjQ1LTAuNDVoMjguOTU5ek0zOC40OCA4aC0yOC45NTljLTAuODQgMC0xLjUyIDAuNjgxLTEuNTIgMS41MjF2MjguOTU5YzAgMC44NCAwLjY4MSAxLjUyMSAxLjUyIDEuNTIxaDI4Ljk1OWMwLjg0IDAgMS41Mi0wLjY4MSAxLjUyLTEuNTIxdi0yOC45NTljMC0wLjg0LTAuNjgxLTEuNTIxLTEuNTItMS41MjF2MHoiIG9wYWNpdHk9IjEiIHZpc2liaWxpdHk9ImZhbHNlIiBmaWxsPSIjZDdkN2Q3Ij48L3BhdGg+Cgk8cGF0aCBkPSJNMTIuMjI4IDM1LjIyNHYtMy4zMjljMC0wLjE0NSAwLjA1OC0wLjI4NSAwLjE2LTAuMzg4bDUuNTg3LTUuNTg3YzAuMjE0LTAuMjE0IDAuNTYxLTAuMjE0IDAuNzc1IDBsMi4xMTkgMi4xMTljMC4yMTQgMC4yMTQgMC41NjEgMC4yMTQgMC43NzUgMGw4LjE5MS04LjE5MmMwLjIxNC0wLjIxNCAwLjU2MS0wLjIxNCAwLjc3NSAwbDUgNWMwLjEwMyAwLjEwMyAwLjE2IDAuMjQyIDAuMTYgMC4zODh2OS45ODhjMCAwLjMwMy0wLjI0NSAwLjU0OC0wLjU0OCAwLjU0OGgtMjIuNDQ3Yy0wLjMwMyAwLTAuNTQ4LTAuMjQ1LTAuNTQ4LTAuNTQ4eiIgb3BhY2l0eT0iMSIgdmlzaWJpbGl0eT0iZmFsc2UiIGZpbGw9IiNkN2Q3ZDciPjwvcGF0aD4KCTxwYXRoIGQ9Ik0yMS41NDQgMTcuOTY3YzAgMS45ODItMS42MDYgMy41ODgtMy41ODggMy41ODhzLTMuNTg4LTEuNjA2LTMuNTg4LTMuNTg4YzAtMS45ODEgMS42MDYtMy41ODggMy41ODgtMy41ODhzMy41ODggMS42MDYgMy41ODggMy41ODh6IiBvcGFjaXR5PSIxIiB2aXNpYmlsaXR5PSJmYWxzZSIgZmlsbD0iI2Q3ZDdkNyI+PC9wYXRoPgo8L3N2Zz4K" alt="General Mills Cheerios Cereal Large Gluten Free" skeleton-box-size="9rem" class="product-grid-image object-contain"></div></div> <div class="mobile-product-list-cell_info"><div class="product-tile_detail"><div class="skeleton-loader_wrapper cursor-pointer"><div class="product-grid-cell_price-container product-grid-cell_price-container--mobile"><span class="product-grid-cell_main-price"><!---->
    $5.19
  </span> <!----></div> <!----></div> <!----></div> <div class="mobile-product-list-cell_name-content"><div class="skeleton-loader_wrapper"><div class="product-grid-cell_name"><a id="product-name-1180-16761547344963546" href="#" data-opens-modal="true" aria-haspopup="dialog" class="product-grid-cell_name-text product-grid-cell_name-text--clamp-2"><!---->
    General Mills Cheerios Cereal Large Gluten Free
  </a></div> <!----> <!----></div> <div class="skeleton-loader_wrapper"><div class="product-grid-cell_sizes"><span class="product-grid-cell_size">
    12 OZ BOX
  </span> <span aria-hidden="true">
    |
  </span> <!----> <span class="product-grid-cell_unit">
    $0.43 / OZ
  </span></div> <!----></div> <!----> <div id="coupon-link-1180-16761547344963546" tabindex="0" role="link" aria-label="Open coupon details" data-opens-modal="true" class="product-tile_coupon-offer product-tile_coupon-offer-clippable product-tile_coupon-offer--mobile multiple-lines" is-mobile="true"><div class="product-tile_coupon-offer-display"><div class="vector-icon-size--xsmall margin-right--half"><svg xmlns="http://www.w3.org/2000/svg" aria-label="PdlIconCouponScissor" viewBox="0 0 19 20" role="presentation" aria-hidden="true" focusable="false" class="vector-icon-stroke--coupon"><title lang="en">PdlIconCouponScissor</title><desc></desc><g fill="" stroke=""><path d="M9.622 9.622 6.444 6.444a3.19 3.19 0 1 1-4.51-4.51 3.19 3.19 0 0 1 4.51 4.51l3.178 3.178 7.688-7.688-7.688 7.688Zm0 0 7.688 7.688-7.688-7.688L6.444 12.8l3.178-3.178ZM1.934 12.8a3.19 3.19 0 1 1 4.51 4.51 3.19 3.19 0 0 1-4.51-4.51Z" stroke="#007DA3" stroke-width="2" fill="none" fill-rule="evenodd" stroke-linecap="round" stroke-linejoin="round"></path></g></svg></div> <div class="vector-icon_mobile-center"><!----></div> <div class="product-tile_coupon-offer-name flex-center product-tile_coupon-offer-name--full-tile text-left"><!---->
      SAVE $1.00 ON TWO
    </div></div> <!----> <div class="product-tile_coupon-offer-loading-coupon"><!----></div></div> <div role="link" tabindex="0" data-opens-modal="true" aria-haspopup="dialog" class="product-grid-cell_multiple-offers"><p>
    View All Item Offers
  </p></div> <!----> <!----> <!----> <!----></div> <div class="mobile-product-list-cell_bottom"><div class="mobile-product-list-cell_bottom_cart-ui-wrapper"><!----> <!----> <div class="pdl-add-to-cart pdl-add-to-cart_coupon"><div class="pdl-add-to-cart_button"><button aria-label="Add to cart" data-product-id="1180" data-price="5.19" class="button button--add-to-cart">
      Add to cart
      <!----></button> <!----> <!----> <!----></div> <!----></div></div> <!----></div></div></div> <div class="product-tile_action-items"><!----> <!----> <div class="shopping-list-menu_container"><div class="relative-el"><button aria-label="add to shopping list" class="button pdl-product-detail_top-icon button--fourth pdl-product-detail_top-icon--borderless"><!----> <div class="vector-icon-size--large"><svg xmlns="http://www.w3.org/2000/svg" aria-label="Shopping List Icon Add" viewBox="0 0 32 32" role="presentation" aria-hidden="true" focusable="false" class="vector-icon-color--dark-grey"><title lang="en">Shopping List Icon Add</title><desc></desc><g fill="" stroke=""><g><path d="M21.94066,15.3368884 L21.94066,12.8931995 C21.94066,12.3409148 22.3883752,11.8931995 22.94066,11.8931995 C23.4929447,11.8931995 23.94066,12.3409148 23.94066,12.8931995 L23.94066,15.3368884 L26.2522624,15.3368884 C26.8045471,15.3368884 27.2522624,15.7846037 27.2522624,16.3368884 C27.2522624,16.8891732 26.8045471,17.3368884 26.2522624,17.3368884 L23.94066,17.3368884 L23.94066,19.8787952 C23.94066,20.43108 23.4929447,20.8787952 22.94066,20.8787952 C22.3883752,20.8787952 21.94066,20.43108 21.94066,19.8787952 L21.94066,17.3368884 L19.2666667,17.3368884 C18.7143819,17.3368884 18.2666667,16.8891732 18.2666667,16.3368884 C18.2666667,15.7846037 18.7143819,15.3368884 19.2666667,15.3368884 L21.94066,15.3368884 Z M8,12 C7.44771525,12 7,11.5522847 7,11 C7,10.4477153 7.44771525,10 8,10 L19.1153581,10 C19.6676429,10 20.1153581,10.4477153 20.1153581,11 C20.1153581,11.5522847 19.6676429,12 19.1153581,12 L8,12 Z M8,17.3368884 C7.44771525,17.3368884 7,16.8891732 7,16.3368884 C7,15.7846037 7.44771525,15.3368884 8,15.3368884 L14.7200696,15.3368884 C15.2723543,15.3368884 15.7200696,15.7846037 15.7200696,16.3368884 C15.7200696,16.8891732 15.2723543,17.3368884 14.7200696,17.3368884 L8,17.3368884 Z M8,23 C7.44771525,23 7,22.5522847 7,22 C7,21.4477153 7.44771525,21 8,21 L19.1153581,21 C19.6676429,21 20.1153581,21.4477153 20.1153581,22 C20.1153581,22.5522847 19.6676429,23 19.1153581,23 L8,23 Z" fill="#000000" fill-rule="nonzero"></path></g></g></svg></div> <div class="pdl-product-detail_list-tooltip"><p>Add item to shopping list</p> <em></em></div></button></div></div></div> <!----></li> <!----><!----> <!----> <!----> <!----> <li tabindex="-1" data-product-id="210636" class="slot mobile-product-list-cell"><!----> <!----> <!----> <!----> <div class="mobile-product-list-cell_content"><div><!----> <div class="flag_outer-container"><div class=""><svg xmlns="http://www.w3.org/2000/svg" aria-label="Sale" viewBox="0 0 32 32" role="presentation" aria-hidden="true" focusable="false" class="w-20 ml-3"><title lang="en">Sale</title><desc></desc><g fill="" stroke=""><g><path d="M16.56 19.87a3.81 3.81 0 0 1-1-.13l-13.39-3.5a1.5 1.5 0 0 1-1.12-1.34l-.81-11a1.52 1.52 0 0 1 1.39-1.61l27.69-2h.11a1.51 1.51 0 0 1 1.5 1.4l.82 11a1.52 1.52 0 0 1-.91 1.5l-12.72 5.36a3.79 3.79 0 0 1-1.56.32Z" fill="#ed1256"></path><path fill="#fff" d="M29.43.48a1.26 1.26 0 0 1 1.26 1.17l.82 11a1.27 1.27 0 0 1-.76 1.26L18 19.34a3.72 3.72 0 0 1-1.47.3 3.79 3.79 0 0 1-.94-.12L2.24 16a1.27 1.27 0 0 1-1-1.13l-.81-11a1.26 1.26 0 0 1 1.22-1.33L29.34.48h.09m0-.48h-.13L1.62 2A1.76 1.76 0 0 0 0 3.92l.82 11a1.73 1.73 0 0 0 1.3 1.55L15.5 20a4.3 4.3 0 0 0 1.07.14 4.24 4.24 0 0 0 1.65-.34l12.72-5.44A1.76 1.76 0 0 0 32 12.59l-.82-11A1.76 1.76 0 0 0 29.43 0Z"></path><path fill="#fff" d="M3.74 9.87a3 3 0 0 0 .82.55 2.21 2.21 0 0 0 1.08.19 1.6 1.6 0 0 0 .29 0 1 1 0 0 0 .26-.12.58.58 0 0 0 .18-.2.62.62 0 0 0 0-.31.59.59 0 0 0-.32-.49 3.38 3.38 0 0 0-.85-.34L4.84 9a4.19 4.19 0 0 1-.69-.26 2.44 2.44 0 0 1-.63-.41 1.92 1.92 0 0 1-.7-1.42 2.68 2.68 0 0 1 .1-1A2.2 2.2 0 0 1 3.39 5a2.42 2.42 0 0 1 .82-.6 3.15 3.15 0 0 1 1.17-.28 3.68 3.68 0 0 1 1.72.24 3 3 0 0 1 .57.29A2.66 2.66 0 0 1 8 5l-.82 1.37a4.42 4.42 0 0 0-.82-.45 2 2 0 0 0-.85-.13 1.4 1.4 0 0 0-.28.06A.9.9 0 0 0 5 6a.62.62 0 0 0-.16.2.5.5 0 0 0 0 .28.6.6 0 0 0 .1.31.68.68 0 0 0 .24.2 1.27 1.27 0 0 0 .35.15l.43.13.35.09a7.49 7.49 0 0 1 .69.22 2.2 2.2 0 0 1 .72.42 2.46 2.46 0 0 1 .54.68 2.31 2.31 0 0 1 .27 1 2.15 2.15 0 0 1-.15 1 2.53 2.53 0 0 1-.56.84 2.77 2.77 0 0 1-.88.59 4 4 0 0 1-1.11.27A4.67 4.67 0 0 1 4 12.25a3.79 3.79 0 0 1-1.28-.75ZM11.29 3.89l2.17-.16 3.1 7.7-2 .15L14 10l-2.39.18-.35 1.67-2 .14Zm2.15 4.6-1-2.84-.61 2.95ZM17 3.47l1.89-.14.44 6 3.3-.25.16 1.92-5.19.39ZM23.36 3l5.13-.38.13 1.8-3.24.24.09 1.22 2.66-.2.12 1.7-2.65.2.09 1.35 3.46-.26.13 1.81-5.34.4Z"></path></g></g></svg></div> <!----> <!----> <!----></div></div> <div class="mobile-product-list-cell_left"><div><!----> <img src="data:image/svg+xml;base64,PD94bWwgdmVyc2lvbj0iMS4wIiBlbmNvZGluZz0idXRmLTgiPz4KPCEtLSBHZW5lcmF0ZWQgYnkgSWNvTW9vbi5pbyAtLT4KPCFET0NUWVBFIHN2ZyBQVUJMSUMgIi0vL1czQy8vRFREIFNWRyAxLjEvL0VOIiAiaHR0cDovL3d3dy53My5vcmcvR3JhcGhpY3MvU1ZHLzEuMS9EVEQvc3ZnMTEuZHRkIj4KPHN2ZyB2ZXJzaW9uPSIxLjEiIHhtbG5zPSJodHRwOi8vd3d3LnczLm9yZy8yMDAwL3N2ZyIgeG1sbnM6eGxpbms9Imh0dHA6Ly93d3cudzMub3JnLzE5OTkveGxpbmsiIHdpZHRoPSI0OCIgaGVpZ2h0PSI0OCIgdmlld0JveD0iMCAwIDQ4IDQ4Ij4KPGcgaWQ9Imljb21vb24taWdub3JlIj4KCTxsaW5lIHN0cm9rZS13aWR0aD0iMSIgeDE9IiIgeTE9IiIgeDI9IiIgeTI9IiIgc3Ryb2tlPSIjNDQ5RkRCIiBvcGFjaXR5PSIiPjwvbGluZT4KPC9nPgoJPHBhdGggZD0iTTM4LjQ4IDkuMDcwYzAuMjQ4IDAgMC40NSAwLjIwMiAwLjQ1IDAuNDV2MjguOTU5YzAgMC4yNDgtMC4yMDIgMC40NS0wLjQ1IDAuNDVoLTI4Ljk1OWMtMC4yNDggMC0wLjQ1LTAuMjAyLTAuNDUtMC40NXYtMjguOTU5YzAtMC4yNDggMC4yMDItMC40NSAwLjQ1LTAuNDVoMjguOTU5ek0zOC40OCA4aC0yOC45NTljLTAuODQgMC0xLjUyIDAuNjgxLTEuNTIgMS41MjF2MjguOTU5YzAgMC44NCAwLjY4MSAxLjUyMSAxLjUyIDEuNTIxaDI4Ljk1OWMwLjg0IDAgMS41Mi0wLjY4MSAxLjUyLTEuNTIxdi0yOC45NTljMC0wLjg0LTAuNjgxLTEuNTIxLTEuNTItMS41MjF2MHoiIG9wYWNpdHk9IjEiIHZpc2liaWxpdHk9ImZhbHNlIiBmaWxsPSIjZDdkN2Q3Ij48L3BhdGg+Cgk8cGF0aCBkPSJNMTIuMjI4IDM1LjIyNHYtMy4zMjljMC0wLjE0NSAwLjA1OC0wLjI4NSAwLjE2LTAuMzg4bDUuNTg3LTUuNTg3YzAuMjE0LTAuMjE0IDAuNTYxLTAuMjE0IDAuNzc1IDBsMi4xMTkgMi4xMTljMC4yMTQgMC4yMTQgMC41NjEgMC4yMTQgMC43NzUgMGw4LjE5MS04LjE5MmMwLjIxNC0wLjIxNCAwLjU2MS0wLjIxNCAwLjc3NSAwbDUgNWMwLjEwMyAwLjEwMyAwLjE2IDAuMjQyIDAuMTYgMC4zODh2OS45ODhjMCAwLjMwMy0wLjI0NSAwLjU0OC0wLjU0OCAwLjU0OGgtMjIuNDQ3Yy0wLjMwMyAwLTAuNTQ4LTAuMjQ1LTAuNTQ4LTAuNTQ4eiIgb3BhY2l0eT0iMSIgdmlzaWJpbGl0eT0iZmFsc2UiIGZpbGw9IiNkN2Q3ZDciPjwvcGF0aD4KCTxwYXRoIGQ9Ik0yMS41NDQgMTcuOTY3YzAgMS45ODItMS42MDYgMy41ODgtMy41ODggMy41ODhzLTMuNTg4LTEuNjA2LTMuNTg4LTMuNTg4YzAtMS45ODEgMS42MDYtMy41ODggMy41ODgtMy41ODhzMy41ODggMS42MDYgMy41ODggMy41ODh6IiBvcGFjaXR5PSIxIiB2aXNpYmlsaXR5PSJmYWxzZSIgZmlsbD0iI2Q3ZDdkNyI+PC9wYXRoPgo8L3N2Zz4K" alt="Stop &amp; Shop Kale Greens Pre-Washed" skeleton-box-size="9rem" class="product-grid-image object-contain"></div></div> <div class="mobile-product-list-cell_info"><div class="product-tile_detail"><div class="skeleton-loader_wrapper cursor-pointer"><div class="product-grid-cell_price-container product-grid-cell_price-container_column product-grid-cell_price-container--mobile"><span class="product-grid-cell_main-price product-grid-cell_main-price--on-sale"><span class="sr-only">
      Sale Price
    </span>
    $2.50
  </span> <div class="product-grid-cell_was-container"><span class="product-grid-cell_regular-price product-grid-cell_regular-price--small"><span class="sr-only">
        Original Price
      </span>
      $2.99
    </span></div></div> <!----></div> <!----></div> <div class="mobile-product-list-cell_name-content"><div class="skeleton-loader_wrapper"><div class="product-grid-cell_name"><a id="product-name-210636-16761547344996354" href="#" data-opens-modal="true" aria-haspopup="dialog" class="product-grid-cell_name-text product-grid-cell_name-text--clamp-2"><span class="vector-icon_inline-text--left mr-0"><div class="vector-icon-size--xsmall"><svg xmlns="http://www.w3.org/2000/svg" aria-label="Ahold Icon" viewBox="0 0 1024 945" role="presentation" aria-hidden="true" focusable="false" class=""><title lang="en">Ahold Icon</title><desc></desc><g fill="" stroke=""><g><path d="M1.893 730.617c-1.289-2.094-2.052-4.631-2.052-7.346 0-.747.058-1.481.169-2.197.158-12.396 10.227-22.466 22.687-22.634h895.306c12.476.168 22.545 10.237 22.713 22.698-.521 3.721-1.182 6.924-2.024 10.053l.131-.574c-86.363 175.072-263.598 293.385-468.466 293.385S88.254 905.689 3.252 733.663l-1.361-3.046z" fill="#F7A800" class="path1"></path> <path d="M107.889 132.495c1.893-1.893 1.893-3.786 3.786-5.678 2.98-3.491 7.385-5.69 12.303-5.69s9.323 2.199 12.284 5.668l.019.022L613.264 603.8c3.491 2.98 5.69 7.385 5.69 12.303s-2.199 9.323-5.668 12.284c-1.399 1.869-3.361 3.216-5.631 3.789l-.069.015c-38.446 13.732-82.796 21.669-129.001 21.669-108.416 0-206.626-43.699-277.977-114.443C130.241 467.591 86.799 369.1 86.799 260.462c0-45.803 7.722-89.803 21.936-130.767l-.845 2.8z" fill="#E2231A" class="path2"></path> <path d="M600.015 1.893a6.922 6.922 0 0 1 5.713-1.889c.057-.006.164-.007.272-.007 7.15 0 12.947 5.796 12.947 12.947 0 .108-.001.215-.004.322v-.016 503.482c.002.091.004.199.004.306 0 7.15-5.796 12.947-12.947 12.947-.108 0-.215-.001-.322-.004a6.925 6.925 0 0 1-5.665-1.895l.002.002c-98.273-48.542-164.673-148.065-164.673-263.098S501.743 50.434 598.306 2.657l1.709-.765z" fill="#712177" class="path3"></path> <path d="M938.824 283.919c1.893 0 1.893 1.893 3.786 1.893 1.765 2.012 2.841 4.666 2.841 7.571s-1.077 5.559-2.853 7.584l.011-.013-268.776 266.884c-2.012 1.765-4.666 2.841-7.571 2.841s-5.559-1.077-7.584-2.853a3.774 3.774 0 0 1-1.877-3.793l-.002.019c-7.681-21.529-12.12-46.363-12.12-72.235 0-61.263 24.891-116.712 65.111-156.786 39.326-39.792 93.895-64.431 154.219-64.431 26.857 0 52.573 4.884 76.309 13.812l-1.494-.493z" fill="#82BC00" class="path4"></path></g></g></svg></div></span>
    Stop &amp; Shop Kale Greens Pre-Washed
  </a></div> <!----> <!----></div> <div class="skeleton-loader_wrapper"><div class="product-grid-cell_sizes"><span class="product-grid-cell_size">
    16 OZ BAG
  </span> <span aria-hidden="true">
    |
  </span> <!----> <span class="product-grid-cell_unit">
    $0.16 / OZ
  </span></div> <!----></div> <!----> <!----> <!----> <!----> <!----> <!----> <!----></div> <div class="mobile-product-list-cell_bottom"><div class="mobile-product-list-cell_bottom_cart-ui-wrapper"><!----> <!----> <div class="pdl-add-to-cart"><div class="pdl-add-to-cart_button"><button aria-label="Add to cart" data-product-id="210636" data-price="2.5" class="button button--add-to-cart add-sale">
      Add to cart
      <!----></button> <!----> <!----> <!----></div> <!----></div></div> <!----></div></div></div> <div class="product-tile_action-items"><!----> <!----> <div class="shopping-list-menu_container"><div class="relative-el"><button aria-label="add to shopping list" class="button pdl-product-detail_top-icon button--fourth pdl-product-detail_top-icon--borderless"><!----> <div class="vector-icon-size--large"><svg xmlns="http://www.w3.org/2000/svg" aria-label="Shopping List Icon Add" viewBox="0 0 32 32" role="presentation" aria-hidden="true" focusable="false" class="vector-icon-color--dark-grey"><title lang="en">Shopping List Icon Add</title><desc></desc><g fill="" stroke=""><g><path d="M21.94066,15.3368884 L21.94066,12.8931995 C21.94066,12.3409148 22.3883752,11.8931995 22.94066,11.8931995 C23.4929447,11.8931995 23.94066,12.3409148 23.94066,12.8931995 L23.94066,15.3368884 L26.2522624,15.3368884 C26.8045471,15.3368884 27.2522624,15.7846037 27.2522624,16.3368884 C27.2522624,16.8891732 26.8045471,17.3368884 26.2522624,17.3368884 L23.94066,17.3368884 L23.94066,19.8787952 C23.94066,20.43108 23.4929447,20.8787952 22.94066,20.8787952 C22.3883752,20.8787952 21.94066,20.43108 21.94066,19.8787952 L21.94066,17.3368884 L19.2666667,17.3368884 C18.7143819,17.3368884 18.2666667,16.8891732 18.2666667,16.3368884 C18.2666667,15.7846037 18.7143819,15.3368884 19.2666667,15.3368884 L21.94066,15.3368884 Z M8,12 C7.44771525,12 7,11.5522847 7,11 C7,10.4477153 7.44771525,10 8,10 L19.1153581,10 C19.6676429,10 20.1153581,10.4477153 20.1153581,11 C20.1153581,11.5522847 19.6676429,12 19.1153581,12 L8,12 Z M8,17.3368884 C7.44771525,17.3368884 7,16.8891732 7,16.3368884 C7,15.7846037 7.44771525,15.3368884 8,15.3368884 L14.7200696,15.3368884 C15.2723543,15.3368884 15.7200696,15.7846037 15.7200696,16.3368884 C15.7200696,16.8891732 15.2723543,17.3368884 14.7200696,17.3368884 L8,17.3368884 Z M8,23 C7.44771525,23 7,22.5522847 7,22 C7,21.4477153 7.44771525,21 8,21 L19.1153581,21 C19.6676429,21 20.1153581,21.4477153 20.1153581,22 C20.1153581,22.5522847 19.6676429,23 19.1153581,23 L8,23 Z" fill="#000000" fill-rule="nonzero"></path></g></g></svg></div> <div class="pdl-product-detail_list-tooltip"><p>Add item to shopping list</p> <em></em></div></button></div></div></div> <!----></li> <!----><!----> <!----> <!----> <!----> <li tabindex="-1" data-product-id="140805" class="slot mobile-product-list-cell"><!----> <!----> <!----> <!----> <div class="mobile-product-list-cell_content"><div><!----> <div class="flag_outer-container"><!----> <!----> <!----> <!----></div></div> <div class="mobile-product-list-cell_left"><div><!----> <img src="data:image/svg+xml;base64,PD94bWwgdmVyc2lvbj0iMS4wIiBlbmNvZGluZz0idXRmLTgiPz4KPCEtLSBHZW5lcmF0ZWQgYnkgSWNvTW9vbi5pbyAtLT4KPCFET0NUWVBFIHN2ZyBQVUJMSUMgIi0vL1czQy8vRFREIFNWRyAxLjEvL0VOIiAiaHR0cDovL3d3dy53My5vcmcvR3JhcGhpY3MvU1ZHLzEuMS9EVEQvc3ZnMTEuZHRkIj4KPHN2ZyB2ZXJzaW9uPSIxLjEiIHhtbG5zPSJodHRwOi8vd3d3LnczLm9yZy8yMDAwL3N2ZyIgeG1sbnM6eGxpbms9Imh0dHA6Ly93d3cudzMub3JnLzE5OTkveGxpbmsiIHdpZHRoPSI0OCIgaGVpZ2h0PSI0OCIgdmlld0JveD0iMCAwIDQ4IDQ4Ij4KPGcgaWQ9Imljb21vb24taWdub3JlIj4KCTxsaW5lIHN0cm9rZS13aWR0aD0iMSIgeDE9IiIgeTE9IiIgeDI9IiIgeTI9IiIgc3Ryb2tlPSIjNDQ5RkRCIiBvcGFjaXR5PSIiPjwvbGluZT4KPC9nPgoJPHBhdGggZD0iTTM4LjQ4IDkuMDcwYzAuMjQ4IDAgMC40NSAwLjIwMiAwLjQ1IDAuNDV2MjguOTU5YzAgMC4yNDgtMC4yMDIgMC40NS0wLjQ1IDAuNDVoLTI4Ljk1OWMtMC4yNDggMC0wLjQ1LTAuMjAyLTAuNDUtMC40NXYtMjguOTU5YzAtMC4yNDggMC4yMDItMC40NSAwLjQ1LTAuNDVoMjguOTU5ek0zOC40OCA4aC0yOC45NTljLTAuODQgMC0xLjUyIDAuNjgxLTEuNTIgMS41MjF2MjguOTU5YzAgMC44NCAwLjY4MSAxLjUyMSAxLjUyIDEuNTIxaDI4Ljk1OWMwLjg0IDAgMS41Mi0wLjY4MSAxLjUyLTEuNTIxdi0yOC45NTljMC0wLjg0LTAuNjgxLTEuNTIxLTEuNTItMS41MjF2MHoiIG9wYWNpdHk9IjEiIHZpc2liaWxpdHk9ImZhbHNlIiBmaWxsPSIjZDdkN2Q3Ij48L3BhdGg+Cgk8cGF0aCBkPSJNMTIuMjI4IDM1LjIyNHYtMy4zMjljMC0wLjE0NSAwLjA1OC0wLjI4NSAwLjE2LTAuMzg4bDUuNTg3LTUuNTg3YzAuMjE0LTAuMjE0IDAuNTYxLTAuMjE0IDAuNzc1IDBsMi4xMTkgMi4xMTljMC4yMTQgMC4yMTQgMC41NjEgMC4yMTQgMC43NzUgMGw4LjE5MS04LjE5MmMwLjIxNC0wLjIxNCAwLjU2MS0wLjIxNCAwLjc3NSAwbDUgNWMwLjEwMyAwLjEwMyAwLjE2IDAuMjQyIDAuMTYgMC4zODh2OS45ODhjMCAwLjMwMy0wLjI0NSAwLjU0OC0wLjU0OCAwLjU0OGgtMjIuNDQ3Yy0wLjMwMyAwLTAuNTQ4LTAuMjQ1LTAuNTQ4LTAuNTQ4eiIgb3BhY2l0eT0iMSIgdmlzaWJpbGl0eT0iZmFsc2UiIGZpbGw9IiNkN2Q3ZDciPjwvcGF0aD4KCTxwYXRoIGQ9Ik0yMS41NDQgMTcuOTY3YzAgMS45ODItMS42MDYgMy41ODgtMy41ODggMy41ODhzLTMuNTg4LTEuNjA2LTMuNTg4LTMuNTg4YzAtMS45ODEgMS42MDYtMy41ODggMy41ODgtMy41ODhzMy41ODggMS42MDYgMy41ODggMy41ODh6IiBvcGFjaXR5PSIxIiB2aXNpYmlsaXR5PSJmYWxzZSIgZmlsbD0iI2Q3ZDdkNyI+PC9wYXRoPgo8L3N2Zz4K" alt="Calise Bakery Bulkie Rolls - 6 ct" skeleton-box-size="9rem" class="product-grid-image object-contain"></div></div> <div class="mobile-product-list-cell_info"><div class="product-tile_detail"><div class="skeleton-loader_wrapper cursor-pointer"><div class="product-grid-cell_price-container product-grid-cell_price-container--mobile"><span class="product-grid-cell_main-price"><!---->
    $4.49
  </span> <!----></div> <!----></div> <!----></div> <div class="mobile-product-list-cell_name-content"><div class="skeleton-loader_wrapper"><div class="product-grid-cell_name"><a id="product-name-140805-16761547345047994" href="#" data-opens-modal="true" aria-haspopup="dialog" class="product-grid-cell_name-text product-grid-cell_name-text--clamp-2"><!---->
    Calise Bakery Bulkie Rolls - 6 ct
  </a></div> <!----> <!----></div> <div class="skeleton-loader_wrapper"><div class="product-grid-cell_sizes"><span class="product-grid-cell_size">
    13 OZ BAG
  </span> <span aria-hidden="true">
    |
  </span> <!----> <span class="product-grid-cell_unit">
    $0.35 / OZ
  </span></div> <!----></div> <!----> <!----> <!----> <!----> <!----> <!----> <!----></div> <div class="mobile-product-list-cell_bottom"><div class="mobile-product-list-cell_bottom_cart-ui-wrapper"><!----> <!----> <div class="pdl-add-to-cart"><div class="pdl-add-to-cart_button"><button aria-label="Add to cart" data-product-id="140805" data-price="4.49" class="button button--add-to-cart">
      Add to cart
      <!----></button> <!----> <!----> <!----></div> <!----></div></div> <!----></div></div></div> <div class="product-tile_action-items"><!----> <!----> <div class="shopping-list-menu_container"><div class="relative-el"><button aria-label="add to shopping list" class="button pdl-product-detail_top-icon button--fourth pdl-product-detail_top-icon--borderless"><!----> <div class="vector-icon-size--large"><svg xmlns="http://www.w3.org/2000/svg" aria-label="Shopping List Icon Add" viewBox="0 0 32 32" role="presentation" aria-hidden="true" focusable="false" class="vector-icon-color--dark-grey"><title lang="en">Shopping List Icon Add</title><desc></desc><g fill="" stroke=""><g><path d="M21.94066,15.3368884 L21.94066,12.8931995 C21.94066,12.3409148 22.3883752,11.8931995 22.94066,11.8931995 C23.4929447,11.8931995 23.94066,12.3409148 23.94066,12.8931995 L23.94066,15.3368884 L26.2522624,15.3368884 C26.8045471,15.3368884 27.2522624,15.7846037 27.2522624,16.3368884 C27.2522624,16.8891732 26.8045471,17.3368884 26.2522624,17.3368884 L23.94066,17.3368884 L23.94066,19.8787952 C23.94066,20.43108 23.4929447,20.8787952 22.94066,20.8787952 C22.3883752,20.8787952 21.94066,20.43108 21.94066,19.8787952 L21.94066,17.3368884 L19.2666667,17.3368884 C18.7143819,17.3368884 18.2666667,16.8891732 18.2666667,16.3368884 C18.2666667,15.7846037 18.7143819,15.3368884 19.2666667,15.3368884 L21.94066,15.3368884 Z M8,12 C7.44771525,12 7,11.5522847 7,11 C7,10.4477153 7.44771525,10 8,10 L19.1153581,10 C19.6676429,10 20.1153581,10.4477153 20.1153581,11 C20.1153581,11.5522847 19.6676429,12 19.1153581,12 L8,12 Z M8,17.3368884 C7.44771525,17.3368884 7,16.8891732 7,16.3368884 C7,15.7846037 7.44771525,15.3368884 8,15.3368884 L14.7200696,15.3368884 C15.2723543,15.3368884 15.7200696,15.7846037 15.7200696,16.3368884 C15.7200696,16.8891732 15.2723543,17.3368884 14.7200696,17.3368884 L8,17.3368884 Z M8,23 C7.44771525,23 7,22.5522847 7,22 C7,21.4477153 7.44771525,21 8,21 L19.1153581,21 C19.6676429,21 20.1153581,21.4477153 20.1153581,22 C20.1153581,22.5522847 19.6676429,23 19.1153581,23 L8,23 Z" fill="#000000" fill-rule="nonzero"></path></g></g></svg></div> <div class="pdl-product-detail_list-tooltip"><p>Add item to shopping list</p> <em></em></div></button></div></div></div> <!----></li> <!----><!----> <!----> <!----> <!----> <li tabindex="-1" data-product-id="162068" class="slot mobile-product-list-cell"><!----> <!----> <!----> <!----> <div class="mobile-product-list-cell_content"><div><!----> <div class="flag_outer-container"><!----> <!----> <!----> <!----></div></div> <div class="mobile-product-list-cell_left"><div><!----> <img src="data:image/svg+xml;base64,PD94bWwgdmVyc2lvbj0iMS4wIiBlbmNvZGluZz0idXRmLTgiPz4KPCEtLSBHZW5lcmF0ZWQgYnkgSWNvTW9vbi5pbyAtLT4KPCFET0NUWVBFIHN2ZyBQVUJMSUMgIi0vL1czQy8vRFREIFNWRyAxLjEvL0VOIiAiaHR0cDovL3d3dy53My5vcmcvR3JhcGhpY3MvU1ZHLzEuMS9EVEQvc3ZnMTEuZHRkIj4KPHN2ZyB2ZXJzaW9uPSIxLjEiIHhtbG5zPSJodHRwOi8vd3d3LnczLm9yZy8yMDAwL3N2ZyIgeG1sbnM6eGxpbms9Imh0dHA6Ly93d3cudzMub3JnLzE5OTkveGxpbmsiIHdpZHRoPSI0OCIgaGVpZ2h0PSI0OCIgdmlld0JveD0iMCAwIDQ4IDQ4Ij4KPGcgaWQ9Imljb21vb24taWdub3JlIj4KCTxsaW5lIHN0cm9rZS13aWR0aD0iMSIgeDE9IiIgeTE9IiIgeDI9IiIgeTI9IiIgc3Ryb2tlPSIjNDQ5RkRCIiBvcGFjaXR5PSIiPjwvbGluZT4KPC9nPgoJPHBhdGggZD0iTTM4LjQ4IDkuMDcwYzAuMjQ4IDAgMC40NSAwLjIwMiAwLjQ1IDAuNDV2MjguOTU5YzAgMC4yNDgtMC4yMDIgMC40NS0wLjQ1IDAuNDVoLTI4Ljk1OWMtMC4yNDggMC0wLjQ1LTAuMjAyLTAuNDUtMC40NXYtMjguOTU5YzAtMC4yNDggMC4yMDItMC40NSAwLjQ1LTAuNDVoMjguOTU5ek0zOC40OCA4aC0yOC45NTljLTAuODQgMC0xLjUyIDAuNjgxLTEuNTIgMS41MjF2MjguOTU5YzAgMC44NCAwLjY4MSAxLjUyMSAxLjUyIDEuNTIxaDI4Ljk1OWMwLjg0IDAgMS41Mi0wLjY4MSAxLjUyLTEuNTIxdi0yOC45NTljMC0wLjg0LTAuNjgxLTEuNTIxLTEuNTItMS41MjF2MHoiIG9wYWNpdHk9IjEiIHZpc2liaWxpdHk9ImZhbHNlIiBmaWxsPSIjZDdkN2Q3Ij48L3BhdGg+Cgk8cGF0aCBkPSJNMTIuMjI4IDM1LjIyNHYtMy4zMjljMC0wLjE0NSAwLjA1OC0wLjI4NSAwLjE2LTAuMzg4bDUuNTg3LTUuNTg3YzAuMjE0LTAuMjE0IDAuNTYxLTAuMjE0IDAuNzc1IDBsMi4xMTkgMi4xMTljMC4yMTQgMC4yMTQgMC41NjEgMC4yMTQgMC43NzUgMGw4LjE5MS04LjE5MmMwLjIxNC0wLjIxNCAwLjU2MS0wLjIxNCAwLjc3NSAwbDUgNWMwLjEwMyAwLjEwMyAwLjE2IDAuMjQyIDAuMTYgMC4zODh2OS45ODhjMCAwLjMwMy0wLjI0NSAwLjU0OC0wLjU0OCAwLjU0OGgtMjIuNDQ3Yy0wLjMwMyAwLTAuNTQ4LTAuMjQ1LTAuNTQ4LTAuNTQ4eiIgb3BhY2l0eT0iMSIgdmlzaWJpbGl0eT0iZmFsc2UiIGZpbGw9IiNkN2Q3ZDciPjwvcGF0aD4KCTxwYXRoIGQ9Ik0yMS41NDQgMTcuOTY3YzAgMS45ODItMS42MDYgMy41ODgtMy41ODggMy41ODhzLTMuNTg4LTEuNjA2LTMuNTg4LTMuNTg4YzAtMS45ODEgMS42MDYtMy41ODggMy41ODgtMy41ODhzMy41ODggMS42MDYgMy41ODggMy41ODh6IiBvcGFjaXR5PSIxIiB2aXNpYmlsaXR5PSJmYWxzZSIgZmlsbD0iI2Q3ZDdkNyI+PC9wYXRoPgo8L3N2Zz4K" alt="Stop &amp; Shop SteamReady Broccoli Florets" skeleton-box-size="9rem" class="product-grid-image object-contain"></div></div> <div class="mobile-product-list-cell_info"><div class="product-tile_detail"><div class="skeleton-loader_wrapper cursor-pointer"><div class="product-grid-cell_price-container product-grid-cell_price-container--mobile"><span class="product-grid-cell_main-price"><!---->
    $2.09
  </span> <!----></div> <!----></div> <!----></div> <div class="mobile-product-list-cell_name-content"><div class="skeleton-loader_wrapper"><div class="product-grid-cell_name"><a id="product-name-162068-16761547345075461" href="#" data-opens-modal="true" aria-haspopup="dialog" class="product-grid-cell_name-text product-grid-cell_name-text--clamp-2"><span class="vector-icon_inline-text--left mr-0"><div class="vector-icon-size--xsmall"><svg xmlns="http://www.w3.org/2000/svg" aria-label="Ahold Icon" viewBox="0 0 1024 945" role="presentation" aria-hidden="true" focusable="false" class=""><title lang="en">Ahold Icon</title><desc></desc><g fill="" stroke=""><g><path d="M1.893 730.617c-1.289-2.094-2.052-4.631-2.052-7.346 0-.747.058-1.481.169-2.197.158-12.396 10.227-22.466 22.687-22.634h895.306c12.476.168 22.545 10.237 22.713 22.698-.521 3.721-1.182 6.924-2.024 10.053l.131-.574c-86.363 175.072-263.598 293.385-468.466 293.385S88.254 905.689 3.252 733.663l-1.361-3.046z" fill="#F7A800" class="path1"></path> <path d="M107.889 132.495c1.893-1.893 1.893-3.786 3.786-5.678 2.98-3.491 7.385-5.69 12.303-5.69s9.323 2.199 12.284 5.668l.019.022L613.264 603.8c3.491 2.98 5.69 7.385 5.69 12.303s-2.199 9.323-5.668 12.284c-1.399 1.869-3.361 3.216-5.631 3.789l-.069.015c-38.446 13.732-82.796 21.669-129.001 21.669-108.416 0-206.626-43.699-277.977-114.443C130.241 467.591 86.799 369.1 86.799 260.462c0-45.803 7.722-89.803 21.936-130.767l-.845 2.8z" fill="#E2231A" class="path2"></path> <path d="M600.015 1.893a6.922 6.922 0 0 1 5.713-1.889c.057-.006.164-.007.272-.007 7.15 0 12.947 5.796 12.947 12.947 0 .108-.001.215-.004.322v-.016 503.482c.002.091.004.199.004.306 0 7.15-5.796 12.947-12.947 12.947-.108 0-.215-.001-.322-.004a6.925 6.925 0 0 1-5.665-1.895l.002.002c-98.273-48.542-164.673-148.065-164.673-263.098S501.743 50.434 598.306 2.657l1.709-.765z" fill="#712177" class="path3"></path> <path d="M938.824 283.919c1.893 0 1.893 1.893 3.786 1.893 1.765 2.012 2.841 4.666 2.841 7.571s-1.077 5.559-2.853 7.584l.011-.013-268.776 266.884c-2.012 1.765-4.666 2.841-7.571 2.841s-5.559-1.077-7.584-2.853a3.774 3.774 0 0 1-1.877-3.793l-.002.019c-7.681-21.529-12.12-46.363-12.12-72.235 0-61.263 24.891-116.712 65.111-156.786 39.326-39.792 93.895-64.431 154.219-64.431 26.857 0 52.573 4.884 76.309 13.812l-1.494-.493z" fill="#82BC00" class="path4"></path></g></g></svg></div></span>
    Stop &amp; Shop SteamReady Broccoli Florets
  </a></div> <!----> <!----></div> <div class="skeleton-loader_wrapper"><div class="product-grid-cell_sizes"><span class="product-grid-cell_size">
    12 OZ BAG
  </span> <span aria-hidden="true">
    |
  </span> <!----> <span class="product-grid-cell_unit">
    $0.17 / OZ
  </span></div> <!----></div> <!----> <!----> <!----> <!----> <!----> <!----> <!----></div> <div class="mobile-product-list-cell_bottom"><div class="mobile-product-list-cell_bottom_cart-ui-wrapper"><!----> <!----> <div class="pdl-add-to-cart"><div class="pdl-add-to-cart_button"><button aria-label="Add to cart" data-product-id="162068" data-price="2.09" class="button button--add-to-cart">
      Add to cart
      <!----></button> <!----> <!----> <!----></div> <!----></div></div> <!----></div></div></div> <div class="product-tile_action-items"><!----> <!----> <div class="shopping-list-menu_container"><div class="relative-el"><button aria-label="add to shopping list" class="button pdl-product-detail_top-icon button--fourth pdl-product-detail_top-icon--borderless"><!----> <div class="vector-icon-size--large"><svg xmlns="http://www.w3.org/2000/svg" aria-label="Shopping List Icon Add" viewBox="0 0 32 32" role="presentation" aria-hidden="true" focusable="false" class="vector-icon-color--dark-grey"><title lang="en">Shopping List Icon Add</title><desc></desc><g fill="" stroke=""><g><path d="M21.94066,15.3368884 L21.94066,12.8931995 C21.94066,12.3409148 22.3883752,11.8931995 22.94066,11.8931995 C23.4929447,11.8931995 23.94066,12.3409148 23.94066,12.8931995 L23.94066,15.3368884 L26.2522624,15.3368884 C26.8045471,15.3368884 27.2522624,15.7846037 27.2522624,16.3368884 C27.2522624,16.8891732 26.8045471,17.3368884 26.2522624,17.3368884 L23.94066,17.3368884 L23.94066,19.8787952 C23.94066,20.43108 23.4929447,20.8787952 22.94066,20.8787952 C22.3883752,20.8787952 21.94066,20.43108 21.94066,19.8787952 L21.94066,17.3368884 L19.2666667,17.3368884 C18.7143819,17.3368884 18.2666667,16.8891732 18.2666667,16.3368884 C18.2666667,15.7846037 18.7143819,15.3368884 19.2666667,15.3368884 L21.94066,15.3368884 Z M8,12 C7.44771525,12 7,11.5522847 7,11 C7,10.4477153 7.44771525,10 8,10 L19.1153581,10 C19.6676429,10 20.1153581,10.4477153 20.1153581,11 C20.1153581,11.5522847 19.6676429,12 19.1153581,12 L8,12 Z M8,17.3368884 C7.44771525,17.3368884 7,16.8891732 7,16.3368884 C7,15.7846037 7.44771525,15.3368884 8,15.3368884 L14.7200696,15.3368884 C15.2723543,15.3368884 15.7200696,15.7846037 15.7200696,16.3368884 C15.7200696,16.8891732 15.2723543,17.3368884 14.7200696,17.3368884 L8,17.3368884 Z M8,23 C7.44771525,23 7,22.5522847 7,22 C7,21.4477153 7.44771525,21 8,21 L19.1153581,21 C19.6676429,21 20.1153581,21.4477153 20.1153581,22 C20.1153581,22.5522847 19.6676429,23 19.1153581,23 L8,23 Z" fill="#000000" fill-rule="nonzero"></path></g></g></svg></div> <div class="pdl-product-detail_list-tooltip"><p>Add item to shopping list</p> <em></em></div></button></div></div></div> <!----></li> <!----><!----> <!----> <!----> <!----> <li tabindex="-1" data-product-id="4243" class="slot mobile-product-list-cell"><!----> <!----> <!----> <!----> <div class="mobile-product-list-cell_content"><div><!----> <div class="flag_outer-container"><div class=""><svg xmlns="http://www.w3.org/2000/svg" aria-label="Sale" viewBox="0 0 32 32" role="presentation" aria-hidden="true" focusable="false" class="w-20 ml-3"><title lang="en">Sale</title><desc></desc><g fill="" stroke=""><g><path d="M16.56 19.87a3.81 3.81 0 0 1-1-.13l-13.39-3.5a1.5 1.5 0 0 1-1.12-1.34l-.81-11a1.52 1.52 0 0 1 1.39-1.61l27.69-2h.11a1.51 1.51 0 0 1 1.5 1.4l.82 11a1.52 1.52 0 0 1-.91 1.5l-12.72 5.36a3.79 3.79 0 0 1-1.56.32Z" fill="#ed1256"></path><path fill="#fff" d="M29.43.48a1.26 1.26 0 0 1 1.26 1.17l.82 11a1.27 1.27 0 0 1-.76 1.26L18 19.34a3.72 3.72 0 0 1-1.47.3 3.79 3.79 0 0 1-.94-.12L2.24 16a1.27 1.27 0 0 1-1-1.13l-.81-11a1.26 1.26 0 0 1 1.22-1.33L29.34.48h.09m0-.48h-.13L1.62 2A1.76 1.76 0 0 0 0 3.92l.82 11a1.73 1.73 0 0 0 1.3 1.55L15.5 20a4.3 4.3 0 0 0 1.07.14 4.24 4.24 0 0 0 1.65-.34l12.72-5.44A1.76 1.76 0 0 0 32 12.59l-.82-11A1.76 1.76 0 0 0 29.43 0Z"></path><path fill="#fff" d="M3.74 9.87a3 3 0 0 0 .82.55 2.21 2.21 0 0 0 1.08.19 1.6 1.6 0 0 0 .29 0 1 1 0 0 0 .26-.12.58.58 0 0 0 .18-.2.62.62 0 0 0 0-.31.59.59 0 0 0-.32-.49 3.38 3.38 0 0 0-.85-.34L4.84 9a4.19 4.19 0 0 1-.69-.26 2.44 2.44 0 0 1-.63-.41 1.92 1.92 0 0 1-.7-1.42 2.68 2.68 0 0 1 .1-1A2.2 2.2 0 0 1 3.39 5a2.42 2.42 0 0 1 .82-.6 3.15 3.15 0 0 1 1.17-.28 3.68 3.68 0 0 1 1.72.24 3 3 0 0 1 .57.29A2.66 2.66 0 0 1 8 5l-.82 1.37a4.42 4.42 0 0 0-.82-.45 2 2 0 0 0-.85-.13 1.4 1.4 0 0 0-.28.06A.9.9 0 0 0 5 6a.62.62 0 0 0-.16.2.5.5 0 0 0 0 .28.6.6 0 0 0 .1.31.68.68 0 0 0 .24.2 1.27 1.27 0 0 0 .35.15l.43.13.35.09a7.49 7.49 0 0 1 .69.22 2.2 2.2 0 0 1 .72.42 2.46 2.46 0 0 1 .54.68 2.31 2.31 0 0 1 .27 1 2.15 2.15 0 0 1-.15 1 2.53 2.53 0 0 1-.56.84 2.77 2.77 0 0 1-.88.59 4 4 0 0 1-1.11.27A4.67 4.67 0 0 1 4 12.25a3.79 3.79 0 0 1-1.28-.75ZM11.29 3.89l2.17-.16 3.1 7.7-2 .15L14 10l-2.39.18-.35 1.67-2 .14Zm2.15 4.6-1-2.84-.61 2.95ZM17 3.47l1.89-.14.44 6 3.3-.25.16 1.92-5.19.39ZM23.36 3l5.13-.38.13 1.8-3.24.24.09 1.22 2.66-.2.12 1.7-2.65.2.09 1.35 3.46-.26.13 1.81-5.34.4Z"></path></g></g></svg></div> <!----> <!----> <!----></div></div> <div class="mobile-product-list-cell_left"><div><!----> <img src="data:image/svg+xml;base64,PD94bWwgdmVyc2lvbj0iMS4wIiBlbmNvZGluZz0idXRmLTgiPz4KPCEtLSBHZW5lcmF0ZWQgYnkgSWNvTW9vbi5pbyAtLT4KPCFET0NUWVBFIHN2ZyBQVUJMSUMgIi0vL1czQy8vRFREIFNWRyAxLjEvL0VOIiAiaHR0cDovL3d3dy53My5vcmcvR3JhcGhpY3MvU1ZHLzEuMS9EVEQvc3ZnMTEuZHRkIj4KPHN2ZyB2ZXJzaW9uPSIxLjEiIHhtbG5zPSJodHRwOi8vd3d3LnczLm9yZy8yMDAwL3N2ZyIgeG1sbnM6eGxpbms9Imh0dHA6Ly93d3cudzMub3JnLzE5OTkveGxpbmsiIHdpZHRoPSI0OCIgaGVpZ2h0PSI0OCIgdmlld0JveD0iMCAwIDQ4IDQ4Ij4KPGcgaWQ9Imljb21vb24taWdub3JlIj4KCTxsaW5lIHN0cm9rZS13aWR0aD0iMSIgeDE9IiIgeTE9IiIgeDI9IiIgeTI9IiIgc3Ryb2tlPSIjNDQ5RkRCIiBvcGFjaXR5PSIiPjwvbGluZT4KPC9nPgoJPHBhdGggZD0iTTM4LjQ4IDkuMDcwYzAuMjQ4IDAgMC40NSAwLjIwMiAwLjQ1IDAuNDV2MjguOTU5YzAgMC4yNDgtMC4yMDIgMC40NS0wLjQ1IDAuNDVoLTI4Ljk1OWMtMC4yNDggMC0wLjQ1LTAuMjAyLTAuNDUtMC40NXYtMjguOTU5YzAtMC4yNDggMC4yMDItMC40NSAwLjQ1LTAuNDVoMjguOTU5ek0zOC40OCA4aC0yOC45NTljLTAuODQgMC0xLjUyIDAuNjgxLTEuNTIgMS41MjF2MjguOTU5YzAgMC44NCAwLjY4MSAxLjUyMSAxLjUyIDEuNTIxaDI4Ljk1OWMwLjg0IDAgMS41Mi0wLjY4MSAxLjUyLTEuNTIxdi0yOC45NTljMC0wLjg0LTAuNjgxLTEuNTIxLTEuNTItMS41MjF2MHoiIG9wYWNpdHk9IjEiIHZpc2liaWxpdHk9ImZhbHNlIiBmaWxsPSIjZDdkN2Q3Ij48L3BhdGg+Cgk8cGF0aCBkPSJNMTIuMjI4IDM1LjIyNHYtMy4zMjljMC0wLjE0NSAwLjA1OC0wLjI4NSAwLjE2LTAuMzg4bDUuNTg3LTUuNTg3YzAuMjE0LTAuMjE0IDAuNTYxLTAuMjE0IDAuNzc1IDBsMi4xMTkgMi4xMTljMC4yMTQgMC4yMTQgMC41NjEgMC4yMTQgMC43NzUgMGw4LjE5MS04LjE5MmMwLjIxNC0wLjIxNCAwLjU2MS0wLjIxNCAwLjc3NSAwbDUgNWMwLjEwMyAwLjEwMyAwLjE2IDAuMjQyIDAuMTYgMC4zODh2OS45ODhjMCAwLjMwMy0wLjI0NSAwLjU0OC0wLjU0OCAwLjU0OGgtMjIuNDQ3Yy0wLjMwMyAwLTAuNTQ4LTAuMjQ1LTAuNTQ4LTAuNTQ4eiIgb3BhY2l0eT0iMSIgdmlzaWJpbGl0eT0iZmFsc2UiIGZpbGw9IiNkN2Q3ZDciPjwvcGF0aD4KCTxwYXRoIGQ9Ik0yMS41NDQgMTcuOTY3YzAgMS45ODItMS42MDYgMy41ODgtMy41ODggMy41ODhzLTMuNTg4LTEuNjA2LTMuNTg4LTMuNTg4YzAtMS45ODEgMS42MDYtMy41ODggMy41ODgtMy41ODhzMy41ODggMS42MDYgMy41ODggMy41ODh6IiBvcGFjaXR5PSIxIiB2aXNpYmlsaXR5PSJmYWxzZSIgZmlsbD0iI2Q3ZDdkNyI+PC9wYXRoPgo8L3N2Zz4K" alt="Classico Pasta Sauce Tomato &amp; Basil" skeleton-box-size="9rem" class="product-grid-image object-contain"></div></div> <div class="mobile-product-list-cell_info"><div class="product-tile_detail"><div class="skeleton-loader_wrapper cursor-pointer"><div class="product-grid-cell_price-container product-grid-cell_price-container_column product-grid-cell_price-container--mobile"><span class="product-grid-cell_main-price product-grid-cell_main-price--on-sale"><span class="sr-only">
      Sale Price
    </span>
    $3.00
  </span> <div class="product-grid-cell_was-container"><span class="product-grid-cell_regular-price product-grid-cell_regular-price--small"><span class="sr-only">
        Original Price
      </span>
      $4.39
    </span></div></div> <!----></div> <!----></div> <div class="mobile-product-list-cell_name-content"><div class="skeleton-loader_wrapper"><div class="product-grid-cell_name"><a id="product-name-4243-16761547345113302" href="#" data-opens-modal="true" aria-haspopup="dialog" class="product-grid-cell_name-text product-grid-cell_name-text--clamp-2"><!---->
    Classico Pasta Sauce Tomato &amp; Basil
  </a></div> <!----> <!----></div> <div class="skeleton-loader_wrapper"><div class="product-grid-cell_sizes"><span class="product-grid-cell_size">
    24 OZ JAR
  </span> <span aria-hidden="true">
    |
  </span> <!----> <span class="product-grid-cell_unit">
    $0.13 / OZ
  </span></div> <!----></div> <!----> <!----> <!----> <!----> <!----> <!----> <!----></div> <div class="mobile-product-list-cell_bottom"><div class="mobile-product-list-cell_bottom_cart-ui-wrapper"><!----> <!----> <div class="pdl-add-to-cart"><div class="pdl-add-to-cart_button"><button aria-label="Add to cart" data-product-id="4243" data-price="3" class="button button--add-to-cart add-sale">
      Add to cart
      <!----></button> <!----> <!----> <!----></div> <!----></div></div> <!----></div></div></div> <div class="product-tile_action-items"><!----> <!----> <div class="shopping-list-menu_container"><div class="relative-el"><button aria-label="add to shopping list" class="button pdl-product-detail_top-icon button--fourth pdl-product-detail_top-icon--borderless"><!----> <div class="vector-icon-size--large"><svg xmlns="http://www.w3.org/2000/svg" aria-label="Shopping List Icon Add" viewBox="0 0 32 32" role="presentation" aria-hidden="true" focusable="false" class="vector-icon-color--dark-grey"><title lang="en">Shopping List Icon Add</title><desc></desc><g fill="" stroke=""><g><path d="M21.94066,15.3368884 L21.94066,12.8931995 C21.94066,12.3409148 22.3883752,11.8931995 22.94066,11.8931995 C23.4929447,11.8931995 23.94066,12.3409148 23.94066,12.8931995 L23.94066,15.3368884 L26.2522624,15.3368884 C26.8045471,15.3368884 27.2522624,15.7846037 27.2522624,16.3368884 C27.2522624,16.8891732 26.8045471,17.3368884 26.2522624,17.3368884 L23.94066,17.3368884 L23.94066,19.8787952 C23.94066,20.43108 23.4929447,20.8787952 22.94066,20.8787952 C22.3883752,20.8787952 21.94066,20.43108 21.94066,19.8787952 L21.94066,17.3368884 L19.2666667,17.3368884 C18.7143819,17.3368884 18.2666667,16.8891732 18.2666667,16.3368884 C18.2666667,15.7846037 18.7143819,15.3368884 19.2666667,15.3368884 L21.94066,15.3368884 Z M8,12 C7.44771525,12 7,11.5522847 7,11 C7,10.4477153 7.44771525,10 8,10 L19.1153581,10 C19.6676429,10 20.1153581,10.4477153 20.1153581,11 C20.1153581,11.5522847 19.6676429,12 19.1153581,12 L8,12 Z M8,17.3368884 C7.44771525,17.3368884 7,16.8891732 7,16.3368884 C7,15.7846037 7.44771525,15.3368884 8,15.3368884 L14.7200696,15.3368884 C15.2723543,15.3368884 15.7200696,15.7846037 15.7200696,16.3368884 C15.7200696,16.8891732 15.2723543,17.3368884 14.7200696,17.3368884 L8,17.3368884 Z M8,23 C7.44771525,23 7,22.5522847 7,22 C7,21.4477153 7.44771525,21 8,21 L19.1153581,21 C19.6676429,21 20.1153581,21.4477153 20.1153581,22 C20.1153581,22.5522847 19.6676429,23 19.1153581,23 L8,23 Z" fill="#000000" fill-rule="nonzero"></path></g></g></svg></div> <div class="pdl-product-detail_list-tooltip"><p>Add item to shopping list</p> <em></em></div></button></div></div></div> <!----></li> <!----><!----> <!----> <!----> <!----> <li tabindex="-1" data-product-id="128863" class="slot mobile-product-list-cell"><!----> <!----> <!----> <!----> <div class="mobile-product-list-cell_content"><div><!----> <div class="flag_outer-container"><!----> <!----> <!----> <!----></div></div> <div class="mobile-product-list-cell_left"><div><!----> <img src="data:image/svg+xml;base64,PD94bWwgdmVyc2lvbj0iMS4wIiBlbmNvZGluZz0idXRmLTgiPz4KPCEtLSBHZW5lcmF0ZWQgYnkgSWNvTW9vbi5pbyAtLT4KPCFET0NUWVBFIHN2ZyBQVUJMSUMgIi0vL1czQy8vRFREIFNWRyAxLjEvL0VOIiAiaHR0cDovL3d3dy53My5vcmcvR3JhcGhpY3MvU1ZHLzEuMS9EVEQvc3ZnMTEuZHRkIj4KPHN2ZyB2ZXJzaW9uPSIxLjEiIHhtbG5zPSJodHRwOi8vd3d3LnczLm9yZy8yMDAwL3N2ZyIgeG1sbnM6eGxpbms9Imh0dHA6Ly93d3cudzMub3JnLzE5OTkveGxpbmsiIHdpZHRoPSI0OCIgaGVpZ2h0PSI0OCIgdmlld0JveD0iMCAwIDQ4IDQ4Ij4KPGcgaWQ9Imljb21vb24taWdub3JlIj4KCTxsaW5lIHN0cm9rZS13aWR0aD0iMSIgeDE9IiIgeTE9IiIgeDI9IiIgeTI9IiIgc3Ryb2tlPSIjNDQ5RkRCIiBvcGFjaXR5PSIiPjwvbGluZT4KPC9nPgoJPHBhdGggZD0iTTM4LjQ4IDkuMDcwYzAuMjQ4IDAgMC40NSAwLjIwMiAwLjQ1IDAuNDV2MjguOTU5YzAgMC4yNDgtMC4yMDIgMC40NS0wLjQ1IDAuNDVoLTI4Ljk1OWMtMC4yNDggMC0wLjQ1LTAuMjAyLTAuNDUtMC40NXYtMjguOTU5YzAtMC4yNDggMC4yMDItMC40NSAwLjQ1LTAuNDVoMjguOTU5ek0zOC40OCA4aC0yOC45NTljLTAuODQgMC0xLjUyIDAuNjgxLTEuNTIgMS41MjF2MjguOTU5YzAgMC44NCAwLjY4MSAxLjUyMSAxLjUyIDEuNTIxaDI4Ljk1OWMwLjg0IDAgMS41Mi0wLjY4MSAxLjUyLTEuNTIxdi0yOC45NTljMC0wLjg0LTAuNjgxLTEuNTIxLTEuNTItMS41MjF2MHoiIG9wYWNpdHk9IjEiIHZpc2liaWxpdHk9ImZhbHNlIiBmaWxsPSIjZDdkN2Q3Ij48L3BhdGg+Cgk8cGF0aCBkPSJNMTIuMjI4IDM1LjIyNHYtMy4zMjljMC0wLjE0NSAwLjA1OC0wLjI4NSAwLjE2LTAuMzg4bDUuNTg3LTUuNTg3YzAuMjE0LTAuMjE0IDAuNTYxLTAuMjE0IDAuNzc1IDBsMi4xMTkgMi4xMTljMC4yMTQgMC4yMTQgMC41NjEgMC4yMTQgMC43NzUgMGw4LjE5MS04LjE5MmMwLjIxNC0wLjIxNCAwLjU2MS0wLjIxNCAwLjc3NSAwbDUgNWMwLjEwMyAwLjEwMyAwLjE2IDAuMjQyIDAuMTYgMC4zODh2OS45ODhjMCAwLjMwMy0wLjI0NSAwLjU0OC0wLjU0OCAwLjU0OGgtMjIuNDQ3Yy0wLjMwMyAwLTAuNTQ4LTAuMjQ1LTAuNTQ4LTAuNTQ4eiIgb3BhY2l0eT0iMSIgdmlzaWJpbGl0eT0iZmFsc2UiIGZpbGw9IiNkN2Q3ZDciPjwvcGF0aD4KCTxwYXRoIGQ9Ik0yMS41NDQgMTcuOTY3YzAgMS45ODItMS42MDYgMy41ODgtMy41ODggMy41ODhzLTMuNTg4LTEuNjA2LTMuNTg4LTMuNTg4YzAtMS45ODEgMS42MDYtMy41ODggMy41ODgtMy41ODhzMy41ODggMS42MDYgMy41ODggMy41ODh6IiBvcGFjaXR5PSIxIiB2aXNpYmlsaXR5PSJmYWxzZSIgZmlsbD0iI2Q3ZDdkNyI+PC9wYXRoPgo8L3N2Zz4K" alt="Stop &amp; Shop Nacho Taco Cheese Blend Finely Shredded Natural" skeleton-box-size="9rem" class="product-grid-image object-contain"></div></div> <div class="mobile-product-list-cell_info"><div class="product-tile_detail"><div class="skeleton-loader_wrapper cursor-pointer"><div class="product-grid-cell_price-container product-grid-cell_price-container--mobile"><span class="product-grid-cell_main-price"><!---->
    $2.79
  </span> <!----></div> <!----></div> <!----></div> <div class="mobile-product-list-cell_name-content"><div class="skeleton-loader_wrapper"><div class="product-grid-cell_name"><a id="product-name-128863-16761547345149598" href="#" data-opens-modal="true" aria-haspopup="dialog" class="product-grid-cell_name-text product-grid-cell_name-text--clamp-2"><span class="vector-icon_inline-text--left mr-0"><div class="vector-icon-size--xsmall"><svg xmlns="http://www.w3.org/2000/svg" aria-label="Ahold Icon" viewBox="0 0 1024 945" role="presentation" aria-hidden="true" focusable="false" class=""><title lang="en">Ahold Icon</title><desc></desc><g fill="" stroke=""><g><path d="M1.893 730.617c-1.289-2.094-2.052-4.631-2.052-7.346 0-.747.058-1.481.169-2.197.158-12.396 10.227-22.466 22.687-22.634h895.306c12.476.168 22.545 10.237 22.713 22.698-.521 3.721-1.182 6.924-2.024 10.053l.131-.574c-86.363 175.072-263.598 293.385-468.466 293.385S88.254 905.689 3.252 733.663l-1.361-3.046z" fill="#F7A800" class="path1"></path> <path d="M107.889 132.495c1.893-1.893 1.893-3.786 3.786-5.678 2.98-3.491 7.385-5.69 12.303-5.69s9.323 2.199 12.284 5.668l.019.022L613.264 603.8c3.491 2.98 5.69 7.385 5.69 12.303s-2.199 9.323-5.668 12.284c-1.399 1.869-3.361 3.216-5.631 3.789l-.069.015c-38.446 13.732-82.796 21.669-129.001 21.669-108.416 0-206.626-43.699-277.977-114.443C130.241 467.591 86.799 369.1 86.799 260.462c0-45.803 7.722-89.803 21.936-130.767l-.845 2.8z" fill="#E2231A" class="path2"></path> <path d="M600.015 1.893a6.922 6.922 0 0 1 5.713-1.889c.057-.006.164-.007.272-.007 7.15 0 12.947 5.796 12.947 12.947 0 .108-.001.215-.004.322v-.016 503.482c.002.091.004.199.004.306 0 7.15-5.796 12.947-12.947 12.947-.108 0-.215-.001-.322-.004a6.925 6.925 0 0 1-5.665-1.895l.002.002c-98.273-48.542-164.673-148.065-164.673-263.098S501.743 50.434 598.306 2.657l1.709-.765z" fill="#712177" class="path3"></path> <path d="M938.824 283.919c1.893 0 1.893 1.893 3.786 1.893 1.765 2.012 2.841 4.666 2.841 7.571s-1.077 5.559-2.853 7.584l.011-.013-268.776 266.884c-2.012 1.765-4.666 2.841-7.571 2.841s-5.559-1.077-7.584-2.853a3.774 3.774 0 0 1-1.877-3.793l-.002.019c-7.681-21.529-12.12-46.363-12.12-72.235 0-61.263 24.891-116.712 65.111-156.786 39.326-39.792 93.895-64.431 154.219-64.431 26.857 0 52.573 4.884 76.309 13.812l-1.494-.493z" fill="#82BC00" class="path4"></path></g></g></svg></div></span>
    Stop &amp; Shop Nacho Taco Cheese Blend Finely Shredded Natural
  </a></div> <!----> <!----></div> <div class="skeleton-loader_wrapper"><div class="product-grid-cell_sizes"><span class="product-grid-cell_size">
    8 OZ BAG
  </span> <span aria-hidden="true">
    |
  </span> <!----> <span class="product-grid-cell_unit">
    $5.58 / LB
  </span></div> <!----></div> <!----> <!----> <!----> <!----> <!----> <!----> <!----></div> <div class="mobile-product-list-cell_bottom"><div class="mobile-product-list-cell_bottom_cart-ui-wrapper"><!----> <!----> <div class="pdl-add-to-cart"><div class="pdl-add-to-cart_button"><button aria-label="Add to cart" data-product-id="128863" data-price="2.79" class="button button--add-to-cart">
      Add to cart
      <!----></button> <!----> <!----> <!----></div> <!----></div></div> <!----></div></div></div> <div class="product-tile_action-items"><!----> <!----> <div class="shopping-list-menu_container"><div class="relative-el"><button aria-label="add to shopping list" class="button pdl-product-detail_top-icon button--fourth pdl-product-detail_top-icon--borderless"><!----> <div class="vector-icon-size--large"><svg xmlns="http://www.w3.org/2000/svg" aria-label="Shopping List Icon Add" viewBox="0 0 32 32" role="presentation" aria-hidden="true" focusable="false" class="vector-icon-color--dark-grey"><title lang="en">Shopping List Icon Add</title><desc></desc><g fill="" stroke=""><g><path d="M21.94066,15.3368884 L21.94066,12.8931995 C21.94066,12.3409148 22.3883752,11.8931995 22.94066,11.8931995 C23.4929447,11.8931995 23.94066,12.3409148 23.94066,12.8931995 L23.94066,15.3368884 L26.2522624,15.3368884 C26.8045471,15.3368884 27.2522624,15.7846037 27.2522624,16.3368884 C27.2522624,16.8891732 26.8045471,17.3368884 26.2522624,17.3368884 L23.94066,17.3368884 L23.94066,19.8787952 C23.94066,20.43108 23.4929447,20.8787952 22.94066,20.8787952 C22.3883752,20.8787952 21.94066,20.43108 21.94066,19.8787952 L21.94066,17.3368884 L19.2666667,17.3368884 C18.7143819,17.3368884 18.2666667,16.8891732 18.2666667,16.3368884 C18.2666667,15.7846037 18.7143819,15.3368884 19.2666667,15.3368884 L21.94066,15.3368884 Z M8,12 C7.44771525,12 7,11.5522847 7,11 C7,10.4477153 7.44771525,10 8,10 L19.1153581,10 C19.6676429,10 20.1153581,10.4477153 20.1153581,11 C20.1153581,11.5522847 19.6676429,12 19.1153581,12 L8,12 Z M8,17.3368884 C7.44771525,17.3368884 7,16.8891732 7,16.3368884 C7,15.7846037 7.44771525,15.3368884 8,15.3368884 L14.7200696,15.3368884 C15.2723543,15.3368884 15.7200696,15.7846037 15.7200696,16.3368884 C15.7200696,16.8891732 15.2723543,17.3368884 14.7200696,17.3368884 L8,17.3368884 Z M8,23 C7.44771525,23 7,22.5522847 7,22 C7,21.4477153 7.44771525,21 8,21 L19.1153581,21 C19.6676429,21 20.1153581,21.4477153 20.1153581,22 C20.1153581,22.5522847 19.6676429,23 19.1153581,23 L8,23 Z" fill="#000000" fill-rule="nonzero"></path></g></g></svg></div> <div class="pdl-product-detail_list-tooltip"><p>Add item to shopping list</p> <em></em></div></button></div></div></div> <!----></li> <!----><!----> <!----> <!----> <!----> <li tabindex="-1" data-product-id="147679" class="slot mobile-product-list-cell"><!----> <!----> <!----> <!----> <div class="mobile-product-list-cell_content"><div><!----> <div class="flag_outer-container"><!----> <!----> <!----> <!----></div></div> <div class="mobile-product-list-cell_left"><div><!----> <img src="data:image/svg+xml;base64,PD94bWwgdmVyc2lvbj0iMS4wIiBlbmNvZGluZz0idXRmLTgiPz4KPCEtLSBHZW5lcmF0ZWQgYnkgSWNvTW9vbi5pbyAtLT4KPCFET0NUWVBFIHN2ZyBQVUJMSUMgIi0vL1czQy8vRFREIFNWRyAxLjEvL0VOIiAiaHR0cDovL3d3dy53My5vcmcvR3JhcGhpY3MvU1ZHLzEuMS9EVEQvc3ZnMTEuZHRkIj4KPHN2ZyB2ZXJzaW9uPSIxLjEiIHhtbG5zPSJodHRwOi8vd3d3LnczLm9yZy8yMDAwL3N2ZyIgeG1sbnM6eGxpbms9Imh0dHA6Ly93d3cudzMub3JnLzE5OTkveGxpbmsiIHdpZHRoPSI0OCIgaGVpZ2h0PSI0OCIgdmlld0JveD0iMCAwIDQ4IDQ4Ij4KPGcgaWQ9Imljb21vb24taWdub3JlIj4KCTxsaW5lIHN0cm9rZS13aWR0aD0iMSIgeDE9IiIgeTE9IiIgeDI9IiIgeTI9IiIgc3Ryb2tlPSIjNDQ5RkRCIiBvcGFjaXR5PSIiPjwvbGluZT4KPC9nPgoJPHBhdGggZD0iTTM4LjQ4IDkuMDcwYzAuMjQ4IDAgMC40NSAwLjIwMiAwLjQ1IDAuNDV2MjguOTU5YzAgMC4yNDgtMC4yMDIgMC40NS0wLjQ1IDAuNDVoLTI4Ljk1OWMtMC4yNDggMC0wLjQ1LTAuMjAyLTAuNDUtMC40NXYtMjguOTU5YzAtMC4yNDggMC4yMDItMC40NSAwLjQ1LTAuNDVoMjguOTU5ek0zOC40OCA4aC0yOC45NTljLTAuODQgMC0xLjUyIDAuNjgxLTEuNTIgMS41MjF2MjguOTU5YzAgMC44NCAwLjY4MSAxLjUyMSAxLjUyIDEuNTIxaDI4Ljk1OWMwLjg0IDAgMS41Mi0wLjY4MSAxLjUyLTEuNTIxdi0yOC45NTljMC0wLjg0LTAuNjgxLTEuNTIxLTEuNTItMS41MjF2MHoiIG9wYWNpdHk9IjEiIHZpc2liaWxpdHk9ImZhbHNlIiBmaWxsPSIjZDdkN2Q3Ij48L3BhdGg+Cgk8cGF0aCBkPSJNMTIuMjI4IDM1LjIyNHYtMy4zMjljMC0wLjE0NSAwLjA1OC0wLjI4NSAwLjE2LTAuMzg4bDUuNTg3LTUuNTg3YzAuMjE0LTAuMjE0IDAuNTYxLTAuMjE0IDAuNzc1IDBsMi4xMTkgMi4xMTljMC4yMTQgMC4yMTQgMC41NjEgMC4yMTQgMC43NzUgMGw4LjE5MS04LjE5MmMwLjIxNC0wLjIxNCAwLjU2MS0wLjIxNCAwLjc3NSAwbDUgNWMwLjEwMyAwLjEwMyAwLjE2IDAuMjQyIDAuMTYgMC4zODh2OS45ODhjMCAwLjMwMy0wLjI0NSAwLjU0OC0wLjU0OCAwLjU0OGgtMjIuNDQ3Yy0wLjMwMyAwLTAuNTQ4LTAuMjQ1LTAuNTQ4LTAuNTQ4eiIgb3BhY2l0eT0iMSIgdmlzaWJpbGl0eT0iZmFsc2UiIGZpbGw9IiNkN2Q3ZDciPjwvcGF0aD4KCTxwYXRoIGQ9Ik0yMS41NDQgMTcuOTY3YzAgMS45ODItMS42MDYgMy41ODgtMy41ODggMy41ODhzLTMuNTg4LTEuNjA2LTMuNTg4LTMuNTg4YzAtMS45ODEgMS42MDYtMy41ODggMy41ODgtMy41ODhzMy41ODggMS42MDYgMy41ODggMy41ODh6IiBvcGFjaXR5PSIxIiB2aXNpYmlsaXR5PSJmYWxzZSIgZmlsbD0iI2Q3ZDdkNyI+PC9wYXRoPgo8L3N2Zz4K" alt="Nature's Promise Organic Apples Gala" skeleton-box-size="9rem" class="product-grid-image object-contain"></div></div> <div class="mobile-product-list-cell_info"><div class="product-tile_detail"><div class="skeleton-loader_wrapper cursor-pointer"><div class="product-grid-cell_price-container product-grid-cell_price-container--mobile"><span class="product-grid-cell_main-price"><!---->
    $6.99
  </span> <!----></div> <!----></div> <!----></div> <div class="mobile-product-list-cell_name-content"><div class="skeleton-loader_wrapper"><div class="product-grid-cell_name"><a id="product-name-147679-16761547345171585" href="#" data-opens-modal="true" aria-haspopup="dialog" class="product-grid-cell_name-text product-grid-cell_name-text--clamp-2"><span class="vector-icon_inline-text--left mr-0"><div class="vector-icon-size--xsmall"><svg xmlns="http://www.w3.org/2000/svg" aria-label="Ahold Icon" viewBox="0 0 1024 945" role="presentation" aria-hidden="true" focusable="false" class=""><title lang="en">Ahold Icon</title><desc></desc><g fill="" stroke=""><g><path d="M1.893 730.617c-1.289-2.094-2.052-4.631-2.052-7.346 0-.747.058-1.481.169-2.197.158-12.396 10.227-22.466 22.687-22.634h895.306c12.476.168 22.545 10.237 22.713 22.698-.521 3.721-1.182 6.924-2.024 10.053l.131-.574c-86.363 175.072-263.598 293.385-468.466 293.385S88.254 905.689 3.252 733.663l-1.361-3.046z" fill="#F7A800" class="path1"></path> <path d="M107.889 132.495c1.893-1.893 1.893-3.786 3.786-5.678 2.98-3.491 7.385-5.69 12.303-5.69s9.323 2.199 12.284 5.668l.019.022L613.264 603.8c3.491 2.98 5.69 7.385 5.69 12.303s-2.199 9.323-5.668 12.284c-1.399 1.869-3.361 3.216-5.631 3.789l-.069.015c-38.446 13.732-82.796 21.669-129.001 21.669-108.416 0-206.626-43.699-277.977-114.443C130.241 467.591 86.799 369.1 86.799 260.462c0-45.803 7.722-89.803 21.936-130.767l-.845 2.8z" fill="#E2231A" class="path2"></path> <path d="M600.015 1.893a6.922 6.922 0 0 1 5.713-1.889c.057-.006.164-.007.272-.007 7.15 0 12.947 5.796 12.947 12.947 0 .108-.001.215-.004.322v-.016 503.482c.002.091.004.199.004.306 0 7.15-5.796 12.947-12.947 12.947-.108 0-.215-.001-.322-.004a6.925 6.925 0 0 1-5.665-1.895l.002.002c-98.273-48.542-164.673-148.065-164.673-263.098S501.743 50.434 598.306 2.657l1.709-.765z" fill="#712177" class="path3"></path> <path d="M938.824 283.919c1.893 0 1.893 1.893 3.786 1.893 1.765 2.012 2.841 4.666 2.841 7.571s-1.077 5.559-2.853 7.584l.011-.013-268.776 266.884c-2.012 1.765-4.666 2.841-7.571 2.841s-5.559-1.077-7.584-2.853a3.774 3.774 0 0 1-1.877-3.793l-.002.019c-7.681-21.529-12.12-46.363-12.12-72.235 0-61.263 24.891-116.712 65.111-156.786 39.326-39.792 93.895-64.431 154.219-64.431 26.857 0 52.573 4.884 76.309 13.812l-1.494-.493z" fill="#82BC00" class="path4"></path></g></g></svg></div></span>
    Nature's Promise Organic Apples Gala
  </a></div> <!----> <!----></div> <div class="skeleton-loader_wrapper"><div class="product-grid-cell_sizes"><span class="product-grid-cell_size">
    3 LB BAG
  </span> <span aria-hidden="true">
    |
  </span> <!----> <span class="product-grid-cell_unit">
    $0.15 / OZ
  </span></div> <!----></div> <!----> <!----> <!----> <!----> <!----> <!----> <!----></div> <div class="mobile-product-list-cell_bottom"><div class="mobile-product-list-cell_bottom_cart-ui-wrapper"><!----> <!----> <div class="pdl-add-to-cart"><div class="pdl-add-to-cart_button"><button aria-label="Add to cart" data-product-id="147679" data-price="6.99" class="button button--add-to-cart">
      Add to cart
      <!----></button> <!----> <!----> <!----></div> <!----></div></div> <!----></div></div></div> <div class="product-tile_action-items"><!----> <!----> <div class="shopping-list-menu_container"><div class="relative-el"><button aria-label="add to shopping list" class="button pdl-product-detail_top-icon button--fourth pdl-product-detail_top-icon--borderless"><!----> <div class="vector-icon-size--large"><svg xmlns="http://www.w3.org/2000/svg" aria-label="Shopping List Icon Add" viewBox="0 0 32 32" role="presentation" aria-hidden="true" focusable="false" class="vector-icon-color--dark-grey"><title lang="en">Shopping List Icon Add</title><desc></desc><g fill="" stroke=""><g><path d="M21.94066,15.3368884 L21.94066,12.8931995 C21.94066,12.3409148 22.3883752,11.8931995 22.94066,11.8931995 C23.4929447,11.8931995 23.94066,12.3409148 23.94066,12.8931995 L23.94066,15.3368884 L26.2522624,15.3368884 C26.8045471,15.3368884 27.2522624,15.7846037 27.2522624,16.3368884 C27.2522624,16.8891732 26.8045471,17.3368884 26.2522624,17.3368884 L23.94066,17.3368884 L23.94066,19.8787952 C23.94066,20.43108 23.4929447,20.8787952 22.94066,20.8787952 C22.3883752,20.8787952 21.94066,20.43108 21.94066,19.8787952 L21.94066,17.3368884 L19.2666667,17.3368884 C18.7143819,17.3368884 18.2666667,16.8891732 18.2666667,16.3368884 C18.2666667,15.7846037 18.7143819,15.3368884 19.2666667,15.3368884 L21.94066,15.3368884 Z M8,12 C7.44771525,12 7,11.5522847 7,11 C7,10.4477153 7.44771525,10 8,10 L19.1153581,10 C19.6676429,10 20.1153581,10.4477153 20.1153581,11 C20.1153581,11.5522847 19.6676429,12 19.1153581,12 L8,12 Z M8,17.3368884 C7.44771525,17.3368884 7,16.8891732 7,16.3368884 C7,15.7846037 7.44771525,15.3368884 8,15.3368884 L14.7200696,15.3368884 C15.2723543,15.3368884 15.7200696,15.7846037 15.7200696,16.3368884 C15.7200696,16.8891732 15.2723543,17.3368884 14.7200696,17.3368884 L8,17.3368884 Z M8,23 C7.44771525,23 7,22.5522847 7,22 C7,21.4477153 7.44771525,21 8,21 L19.1153581,21 C19.6676429,21 20.1153581,21.4477153 20.1153581,22 C20.1153581,22.5522847 19.6676429,23 19.1153581,23 L8,23 Z" fill="#000000" fill-rule="nonzero"></path></g></g></svg></div> <div class="pdl-product-detail_list-tooltip"><p>Add item to shopping list</p> <em></em></div></button></div></div></div> <!----></li> <!----><!----> <!----> <!----> <!----> <li tabindex="-1" data-product-id="118619" class="slot mobile-product-list-cell"><!----> <!----> <!----> <!----> <div class="mobile-product-list-cell_content"><div><!----> <div class="flag_outer-container"><!----> <!----> <!----> <!----></div></div> <div class="mobile-product-list-cell_left"><div><!----> <img src="data:image/svg+xml;base64,PD94bWwgdmVyc2lvbj0iMS4wIiBlbmNvZGluZz0idXRmLTgiPz4KPCEtLSBHZW5lcmF0ZWQgYnkgSWNvTW9vbi5pbyAtLT4KPCFET0NUWVBFIHN2ZyBQVUJMSUMgIi0vL1czQy8vRFREIFNWRyAxLjEvL0VOIiAiaHR0cDovL3d3dy53My5vcmcvR3JhcGhpY3MvU1ZHLzEuMS9EVEQvc3ZnMTEuZHRkIj4KPHN2ZyB2ZXJzaW9uPSIxLjEiIHhtbG5zPSJodHRwOi8vd3d3LnczLm9yZy8yMDAwL3N2ZyIgeG1sbnM6eGxpbms9Imh0dHA6Ly93d3cudzMub3JnLzE5OTkveGxpbmsiIHdpZHRoPSI0OCIgaGVpZ2h0PSI0OCIgdmlld0JveD0iMCAwIDQ4IDQ4Ij4KPGcgaWQ9Imljb21vb24taWdub3JlIj4KCTxsaW5lIHN0cm9rZS13aWR0aD0iMSIgeDE9IiIgeTE9IiIgeDI9IiIgeTI9IiIgc3Ryb2tlPSIjNDQ5RkRCIiBvcGFjaXR5PSIiPjwvbGluZT4KPC9nPgoJPHBhdGggZD0iTTM4LjQ4IDkuMDcwYzAuMjQ4IDAgMC40NSAwLjIwMiAwLjQ1IDAuNDV2MjguOTU5YzAgMC4yNDgtMC4yMDIgMC40NS0wLjQ1IDAuNDVoLTI4Ljk1OWMtMC4yNDggMC0wLjQ1LTAuMjAyLTAuNDUtMC40NXYtMjguOTU5YzAtMC4yNDggMC4yMDItMC40NSAwLjQ1LTAuNDVoMjguOTU5ek0zOC40OCA4aC0yOC45NTljLTAuODQgMC0xLjUyIDAuNjgxLTEuNTIgMS41MjF2MjguOTU5YzAgMC44NCAwLjY4MSAxLjUyMSAxLjUyIDEuNTIxaDI4Ljk1OWMwLjg0IDAgMS41Mi0wLjY4MSAxLjUyLTEuNTIxdi0yOC45NTljMC0wLjg0LTAuNjgxLTEuNTIxLTEuNTItMS41MjF2MHoiIG9wYWNpdHk9IjEiIHZpc2liaWxpdHk9ImZhbHNlIiBmaWxsPSIjZDdkN2Q3Ij48L3BhdGg+Cgk8cGF0aCBkPSJNMTIuMjI4IDM1LjIyNHYtMy4zMjljMC0wLjE0NSAwLjA1OC0wLjI4NSAwLjE2LTAuMzg4bDUuNTg3LTUuNTg3YzAuMjE0LTAuMjE0IDAuNTYxLTAuMjE0IDAuNzc1IDBsMi4xMTkgMi4xMTljMC4yMTQgMC4yMTQgMC41NjEgMC4yMTQgMC43NzUgMGw4LjE5MS04LjE5MmMwLjIxNC0wLjIxNCAwLjU2MS0wLjIxNCAwLjc3NSAwbDUgNWMwLjEwMyAwLjEwMyAwLjE2IDAuMjQyIDAuMTYgMC4zODh2OS45ODhjMCAwLjMwMy0wLjI0NSAwLjU0OC0wLjU0OCAwLjU0OGgtMjIuNDQ3Yy0wLjMwMyAwLTAuNTQ4LTAuMjQ1LTAuNTQ4LTAuNTQ4eiIgb3BhY2l0eT0iMSIgdmlzaWJpbGl0eT0iZmFsc2UiIGZpbGw9IiNkN2Q3ZDciPjwvcGF0aD4KCTxwYXRoIGQ9Ik0yMS41NDQgMTcuOTY3YzAgMS45ODItMS42MDYgMy41ODgtMy41ODggMy41ODhzLTMuNTg4LTEuNjA2LTMuNTg4LTMuNTg4YzAtMS45ODEgMS42MDYtMy41ODggMy41ODgtMy41ODhzMy41ODggMS42MDYgMy41ODggMy41ODh6IiBvcGFjaXR5PSIxIiB2aXNpYmlsaXR5PSJmYWxzZSIgZmlsbD0iI2Q3ZDdkNyI+PC9wYXRoPgo8L3N2Zz4K" alt="Plantain Ripe (Platano)" skeleton-box-size="9rem" class="product-grid-image object-contain"></div></div> <div class="mobile-product-list-cell_info"><div class="product-tile_detail"><div class="skeleton-loader_wrapper cursor-pointer"><div class="product-grid-cell_price-container product-grid-cell_price-container--mobile"><span class="product-grid-cell_main-price"><!---->
    $0.66
  </span> <!----></div> <!----></div> <!----></div> <div class="mobile-product-list-cell_name-content"><div class="skeleton-loader_wrapper"><div class="product-grid-cell_name"><a id="product-name-118619-16761547345195364" href="#" data-opens-modal="true" aria-haspopup="dialog" class="product-grid-cell_name-text product-grid-cell_name-text--clamp-2"><!---->
    Plantain Ripe (Platano)
  </a></div> <!----> <!----></div> <div class="skeleton-loader_wrapper"><div class="product-grid-cell_sizes"><span class="product-grid-cell_size">
    1 EA
  </span> <span aria-hidden="true">
    |
  </span> <!----> <span class="product-grid-cell_unit">
    $0.66 / EA
  </span></div> <!----></div> <!----> <!----> <!----> <!----> <!----> <!----> <!----></div> <div class="mobile-product-list-cell_bottom"><div class="mobile-product-list-cell_bottom_cart-ui-wrapper"><!----> <!----> <div class="pdl-add-to-cart"><div class="pdl-add-to-cart_button"><button aria-label="Add to cart" data-product-id="118619" data-price="0.66" class="button button--add-to-cart">
      Add to cart
      <!----></button> <!----> <!----> <!----></div> <!----></div></div> <!----></div></div></div> <div class="product-tile_action-items"><!----> <!----> <div class="shopping-list-menu_container"><div class="relative-el"><button aria-label="add to shopping list" class="button pdl-product-detail_top-icon button--fourth pdl-product-detail_top-icon--borderless"><!----> <div class="vector-icon-size--large"><svg xmlns="http://www.w3.org/2000/svg" aria-label="Shopping List Icon Add" viewBox="0 0 32 32" role="presentation" aria-hidden="true" focusable="false" class="vector-icon-color--dark-grey"><title lang="en">Shopping List Icon Add</title><desc></desc><g fill="" stroke=""><g><path d="M21.94066,15.3368884 L21.94066,12.8931995 C21.94066,12.3409148 22.3883752,11.8931995 22.94066,11.8931995 C23.4929447,11.8931995 23.94066,12.3409148 23.94066,12.8931995 L23.94066,15.3368884 L26.2522624,15.3368884 C26.8045471,15.3368884 27.2522624,15.7846037 27.2522624,16.3368884 C27.2522624,16.8891732 26.8045471,17.3368884 26.2522624,17.3368884 L23.94066,17.3368884 L23.94066,19.8787952 C23.94066,20.43108 23.4929447,20.8787952 22.94066,20.8787952 C22.3883752,20.8787952 21.94066,20.43108 21.94066,19.8787952 L21.94066,17.3368884 L19.2666667,17.3368884 C18.7143819,17.3368884 18.2666667,16.8891732 18.2666667,16.3368884 C18.2666667,15.7846037 18.7143819,15.3368884 19.2666667,15.3368884 L21.94066,15.3368884 Z M8,12 C7.44771525,12 7,11.5522847 7,11 C7,10.4477153 7.44771525,10 8,10 L19.1153581,10 C19.6676429,10 20.1153581,10.4477153 20.1153581,11 C20.1153581,11.5522847 19.6676429,12 19.1153581,12 L8,12 Z M8,17.3368884 C7.44771525,17.3368884 7,16.8891732 7,16.3368884 C7,15.7846037 7.44771525,15.3368884 8,15.3368884 L14.7200696,15.3368884 C15.2723543,15.3368884 15.7200696,15.7846037 15.7200696,16.3368884 C15.7200696,16.8891732 15.2723543,17.3368884 14.7200696,17.3368884 L8,17.3368884 Z M8,23 C7.44771525,23 7,22.5522847 7,22 C7,21.4477153 7.44771525,21 8,21 L19.1153581,21 C19.6676429,21 20.1153581,21.4477153 20.1153581,22 C20.1153581,22.5522847 19.6676429,23 19.1153581,23 L8,23 Z" fill="#000000" fill-rule="nonzero"></path></g></g></svg></div> <div class="pdl-product-detail_list-tooltip"><p>Add item to shopping list</p> <em></em></div></button></div></div></div> <!----></li> <!----><!----> <!----> <!----> <!----> <li tabindex="-1" data-product-id="127110" class="slot mobile-product-list-cell"><!----> <!----> <!----> <!----> <div class="mobile-product-list-cell_content"><div><!----> <div class="flag_outer-container"><!----> <!----> <!----> <!----></div></div> <div class="mobile-product-list-cell_left"><div><!----> <img src="data:image/svg+xml;base64,PD94bWwgdmVyc2lvbj0iMS4wIiBlbmNvZGluZz0idXRmLTgiPz4KPCEtLSBHZW5lcmF0ZWQgYnkgSWNvTW9vbi5pbyAtLT4KPCFET0NUWVBFIHN2ZyBQVUJMSUMgIi0vL1czQy8vRFREIFNWRyAxLjEvL0VOIiAiaHR0cDovL3d3dy53My5vcmcvR3JhcGhpY3MvU1ZHLzEuMS9EVEQvc3ZnMTEuZHRkIj4KPHN2ZyB2ZXJzaW9uPSIxLjEiIHhtbG5zPSJodHRwOi8vd3d3LnczLm9yZy8yMDAwL3N2ZyIgeG1sbnM6eGxpbms9Imh0dHA6Ly93d3cudzMub3JnLzE5OTkveGxpbmsiIHdpZHRoPSI0OCIgaGVpZ2h0PSI0OCIgdmlld0JveD0iMCAwIDQ4IDQ4Ij4KPGcgaWQ9Imljb21vb24taWdub3JlIj4KCTxsaW5lIHN0cm9rZS13aWR0aD0iMSIgeDE9IiIgeTE9IiIgeDI9IiIgeTI9IiIgc3Ryb2tlPSIjNDQ5RkRCIiBvcGFjaXR5PSIiPjwvbGluZT4KPC9nPgoJPHBhdGggZD0iTTM4LjQ4IDkuMDcwYzAuMjQ4IDAgMC40NSAwLjIwMiAwLjQ1IDAuNDV2MjguOTU5YzAgMC4yNDgtMC4yMDIgMC40NS0wLjQ1IDAuNDVoLTI4Ljk1OWMtMC4yNDggMC0wLjQ1LTAuMjAyLTAuNDUtMC40NXYtMjguOTU5YzAtMC4yNDggMC4yMDItMC40NSAwLjQ1LTAuNDVoMjguOTU5ek0zOC40OCA4aC0yOC45NTljLTAuODQgMC0xLjUyIDAuNjgxLTEuNTIgMS41MjF2MjguOTU5YzAgMC44NCAwLjY4MSAxLjUyMSAxLjUyIDEuNTIxaDI4Ljk1OWMwLjg0IDAgMS41Mi0wLjY4MSAxLjUyLTEuNTIxdi0yOC45NTljMC0wLjg0LTAuNjgxLTEuNTIxLTEuNTItMS41MjF2MHoiIG9wYWNpdHk9IjEiIHZpc2liaWxpdHk9ImZhbHNlIiBmaWxsPSIjZDdkN2Q3Ij48L3BhdGg+Cgk8cGF0aCBkPSJNMTIuMjI4IDM1LjIyNHYtMy4zMjljMC0wLjE0NSAwLjA1OC0wLjI4NSAwLjE2LTAuMzg4bDUuNTg3LTUuNTg3YzAuMjE0LTAuMjE0IDAuNTYxLTAuMjE0IDAuNzc1IDBsMi4xMTkgMi4xMTljMC4yMTQgMC4yMTQgMC41NjEgMC4yMTQgMC43NzUgMGw4LjE5MS04LjE5MmMwLjIxNC0wLjIxNCAwLjU2MS0wLjIxNCAwLjc3NSAwbDUgNWMwLjEwMyAwLjEwMyAwLjE2IDAuMjQyIDAuMTYgMC4zODh2OS45ODhjMCAwLjMwMy0wLjI0NSAwLjU0OC0wLjU0OCAwLjU0OGgtMjIuNDQ3Yy0wLjMwMyAwLTAuNTQ4LTAuMjQ1LTAuNTQ4LTAuNTQ4eiIgb3BhY2l0eT0iMSIgdmlzaWJpbGl0eT0iZmFsc2UiIGZpbGw9IiNkN2Q3ZDciPjwvcGF0aD4KCTxwYXRoIGQ9Ik0yMS41NDQgMTcuOTY3YzAgMS45ODItMS42MDYgMy41ODgtMy41ODggMy41ODhzLTMuNTg4LTEuNjA2LTMuNTg4LTMuNTg4YzAtMS45ODEgMS42MDYtMy41ODggMy41ODgtMy41ODhzMy41ODggMS42MDYgMy41ODggMy41ODh6IiBvcGFjaXR5PSIxIiB2aXNpYmlsaXR5PSJmYWxzZSIgZmlsbD0iI2Q3ZDdkNyI+PC9wYXRoPgo8L3N2Zz4K" alt="Poland Spring 100% Spring Water Natural" skeleton-box-size="9rem" class="product-grid-image object-contain"></div></div> <div class="mobile-product-list-cell_info"><div class="product-tile_detail"><div class="skeleton-loader_wrapper cursor-pointer"><div class="product-grid-cell_price-container product-grid-cell_price-container--mobile"><span class="product-grid-cell_main-price"><!---->
    $2.19
  </span> <!----></div> <!----></div> <!----></div> <div class="mobile-product-list-cell_name-content"><div class="skeleton-loader_wrapper"><div class="product-grid-cell_name"><a id="product-name-127110-16761547345219804" href="#" data-opens-modal="true" aria-haspopup="dialog" class="product-grid-cell_name-text product-grid-cell_name-text--clamp-2"><!---->
    Poland Spring 100% Spring Water Natural
  </a></div> <!----> <!----></div> <div class="skeleton-loader_wrapper"><div class="product-grid-cell_sizes"><span class="product-grid-cell_size">
    101.4 OZ BT
  </span> <span aria-hidden="true">
    |
  </span> <!----> <span class="product-grid-cell_unit">
    $0.02 / OZ
  </span></div> <!----></div> <!----> <!----> <!----> <!----> <!----> <!----> <!----></div> <div class="mobile-product-list-cell_bottom"><div class="mobile-product-list-cell_bottom_cart-ui-wrapper"><!----> <!----> <div class="pdl-add-to-cart"><div class="pdl-add-to-cart_button"><button aria-label="Add to cart" data-product-id="127110" data-price="2.19" class="button button--add-to-cart">
      Add to cart
      <!----></button> <!----> <!----> <!----></div> <!----></div></div> <!----></div></div></div> <div class="product-tile_action-items"><!----> <!----> <div class="shopping-list-menu_container"><div class="relative-el"><button aria-label="add to shopping list" class="button pdl-product-detail_top-icon button--fourth pdl-product-detail_top-icon--borderless"><!----> <div class="vector-icon-size--large"><svg xmlns="http://www.w3.org/2000/svg" aria-label="Shopping List Icon Add" viewBox="0 0 32 32" role="presentation" aria-hidden="true" focusable="false" class="vector-icon-color--dark-grey"><title lang="en">Shopping List Icon Add</title><desc></desc><g fill="" stroke=""><g><path d="M21.94066,15.3368884 L21.94066,12.8931995 C21.94066,12.3409148 22.3883752,11.8931995 22.94066,11.8931995 C23.4929447,11.8931995 23.94066,12.3409148 23.94066,12.8931995 L23.94066,15.3368884 L26.2522624,15.3368884 C26.8045471,15.3368884 27.2522624,15.7846037 27.2522624,16.3368884 C27.2522624,16.8891732 26.8045471,17.3368884 26.2522624,17.3368884 L23.94066,17.3368884 L23.94066,19.8787952 C23.94066,20.43108 23.4929447,20.8787952 22.94066,20.8787952 C22.3883752,20.8787952 21.94066,20.43108 21.94066,19.8787952 L21.94066,17.3368884 L19.2666667,17.3368884 C18.7143819,17.3368884 18.2666667,16.8891732 18.2666667,16.3368884 C18.2666667,15.7846037 18.7143819,15.3368884 19.2666667,15.3368884 L21.94066,15.3368884 Z M8,12 C7.44771525,12 7,11.5522847 7,11 C7,10.4477153 7.44771525,10 8,10 L19.1153581,10 C19.6676429,10 20.1153581,10.4477153 20.1153581,11 C20.1153581,11.5522847 19.6676429,12 19.1153581,12 L8,12 Z M8,17.3368884 C7.44771525,17.3368884 7,16.8891732 7,16.3368884 C7,15.7846037 7.44771525,15.3368884 8,15.3368884 L14.7200696,15.3368884 C15.2723543,15.3368884 15.7200696,15.7846037 15.7200696,16.3368884 C15.7200696,16.8891732 15.2723543,17.3368884 14.7200696,17.3368884 L8,17.3368884 Z M8,23 C7.44771525,23 7,22.5522847 7,22 C7,21.4477153 7.44771525,21 8,21 L19.1153581,21 C19.6676429,21 20.1153581,21.4477153 20.1153581,22 C20.1153581,22.5522847 19.6676429,23 19.1153581,23 L8,23 Z" fill="#000000" fill-rule="nonzero"></path></g></g></svg></div> <div class="pdl-product-detail_list-tooltip"><p>Add item to shopping list</p> <em></em></div></button></div></div></div> <!----></li> <!----><!----> <!----> <!----> <!----> <li tabindex="-1" data-product-id="151657" class="slot mobile-product-list-cell"><!----> <!----> <!----> <!----> <div class="mobile-product-list-cell_content"><div><!----> <div class="flag_outer-container"><!----> <!----> <!----> <!----></div></div> <div class="mobile-product-list-cell_left"><div><!----> <img src="data:image/svg+xml;base64,PD94bWwgdmVyc2lvbj0iMS4wIiBlbmNvZGluZz0idXRmLTgiPz4KPCEtLSBHZW5lcmF0ZWQgYnkgSWNvTW9vbi5pbyAtLT4KPCFET0NUWVBFIHN2ZyBQVUJMSUMgIi0vL1czQy8vRFREIFNWRyAxLjEvL0VOIiAiaHR0cDovL3d3dy53My5vcmcvR3JhcGhpY3MvU1ZHLzEuMS9EVEQvc3ZnMTEuZHRkIj4KPHN2ZyB2ZXJzaW9uPSIxLjEiIHhtbG5zPSJodHRwOi8vd3d3LnczLm9yZy8yMDAwL3N2ZyIgeG1sbnM6eGxpbms9Imh0dHA6Ly93d3cudzMub3JnLzE5OTkveGxpbmsiIHdpZHRoPSI0OCIgaGVpZ2h0PSI0OCIgdmlld0JveD0iMCAwIDQ4IDQ4Ij4KPGcgaWQ9Imljb21vb24taWdub3JlIj4KCTxsaW5lIHN0cm9rZS13aWR0aD0iMSIgeDE9IiIgeTE9IiIgeDI9IiIgeTI9IiIgc3Ryb2tlPSIjNDQ5RkRCIiBvcGFjaXR5PSIiPjwvbGluZT4KPC9nPgoJPHBhdGggZD0iTTM4LjQ4IDkuMDcwYzAuMjQ4IDAgMC40NSAwLjIwMiAwLjQ1IDAuNDV2MjguOTU5YzAgMC4yNDgtMC4yMDIgMC40NS0wLjQ1IDAuNDVoLTI4Ljk1OWMtMC4yNDggMC0wLjQ1LTAuMjAyLTAuNDUtMC40NXYtMjguOTU5YzAtMC4yNDggMC4yMDItMC40NSAwLjQ1LTAuNDVoMjguOTU5ek0zOC40OCA4aC0yOC45NTljLTAuODQgMC0xLjUyIDAuNjgxLTEuNTIgMS41MjF2MjguOTU5YzAgMC44NCAwLjY4MSAxLjUyMSAxLjUyIDEuNTIxaDI4Ljk1OWMwLjg0IDAgMS41Mi0wLjY4MSAxLjUyLTEuNTIxdi0yOC45NTljMC0wLjg0LTAuNjgxLTEuNTIxLTEuNTItMS41MjF2MHoiIG9wYWNpdHk9IjEiIHZpc2liaWxpdHk9ImZhbHNlIiBmaWxsPSIjZDdkN2Q3Ij48L3BhdGg+Cgk8cGF0aCBkPSJNMTIuMjI4IDM1LjIyNHYtMy4zMjljMC0wLjE0NSAwLjA1OC0wLjI4NSAwLjE2LTAuMzg4bDUuNTg3LTUuNTg3YzAuMjE0LTAuMjE0IDAuNTYxLTAuMjE0IDAuNzc1IDBsMi4xMTkgMi4xMTljMC4yMTQgMC4yMTQgMC41NjEgMC4yMTQgMC43NzUgMGw4LjE5MS04LjE5MmMwLjIxNC0wLjIxNCAwLjU2MS0wLjIxNCAwLjc3NSAwbDUgNWMwLjEwMyAwLjEwMyAwLjE2IDAuMjQyIDAuMTYgMC4zODh2OS45ODhjMCAwLjMwMy0wLjI0NSAwLjU0OC0wLjU0OCAwLjU0OGgtMjIuNDQ3Yy0wLjMwMyAwLTAuNTQ4LTAuMjQ1LTAuNTQ4LTAuNTQ4eiIgb3BhY2l0eT0iMSIgdmlzaWJpbGl0eT0iZmFsc2UiIGZpbGw9IiNkN2Q3ZDciPjwvcGF0aD4KCTxwYXRoIGQ9Ik0yMS41NDQgMTcuOTY3YzAgMS45ODItMS42MDYgMy41ODgtMy41ODggMy41ODhzLTMuNTg4LTEuNjA2LTMuNTg4LTMuNTg4YzAtMS45ODEgMS42MDYtMy41ODggMy41ODgtMy41ODhzMy41ODggMS42MDYgMy41ODggMy41ODh6IiBvcGFjaXR5PSIxIiB2aXNpYmlsaXR5PSJmYWxzZSIgZmlsbD0iI2Q3ZDdkNyI+PC9wYXRoPgo8L3N2Zz4K" alt="Dole Premium Salad Kit Ultimate Caesar" skeleton-box-size="9rem" class="product-grid-image object-contain"></div></div> <div class="mobile-product-list-cell_info"><div class="product-tile_detail"><div class="skeleton-loader_wrapper cursor-pointer"><div class="product-grid-cell_price-container product-grid-cell_price-container--mobile"><span class="product-grid-cell_main-price"><!---->
    $3.99
  </span> <!----></div> <!----></div> <!----></div> <div class="mobile-product-list-cell_name-content"><div class="skeleton-loader_wrapper"><div class="product-grid-cell_name"><a id="product-name-151657-16761547345225097" href="#" data-opens-modal="true" aria-haspopup="dialog" class="product-grid-cell_name-text product-grid-cell_name-text--clamp-2"><!---->
    Dole Premium Salad Kit Ultimate Caesar
  </a></div> <!----> <!----></div> <div class="skeleton-loader_wrapper"><div class="product-grid-cell_sizes"><span class="product-grid-cell_size">
    11.3 OZ BAG
  </span> <span aria-hidden="true">
    |
  </span> <!----> <span class="product-grid-cell_unit">
    $0.35 / OZ
  </span></div> <!----></div> <!----> <!----> <!----> <!----> <!----> <!----> <!----></div> <div class="mobile-product-list-cell_bottom"><div class="mobile-product-list-cell_bottom_cart-ui-wrapper"><!----> <!----> <div class="pdl-add-to-cart"><div class="pdl-add-to-cart_button"><button aria-label="Add to cart" data-product-id="151657" data-price="3.99" class="button button--add-to-cart">
      Add to cart
      <!----></button> <!----> <!----> <!----></div> <!----></div></div> <!----></div></div></div> <div class="product-tile_action-items"><!----> <!----> <div class="shopping-list-menu_container"><div class="relative-el"><button aria-label="add to shopping list" class="button pdl-product-detail_top-icon button--fourth pdl-product-detail_top-icon--borderless"><!----> <div class="vector-icon-size--large"><svg xmlns="http://www.w3.org/2000/svg" aria-label="Shopping List Icon Add" viewBox="0 0 32 32" role="presentation" aria-hidden="true" focusable="false" class="vector-icon-color--dark-grey"><title lang="en">Shopping List Icon Add</title><desc></desc><g fill="" stroke=""><g><path d="M21.94066,15.3368884 L21.94066,12.8931995 C21.94066,12.3409148 22.3883752,11.8931995 22.94066,11.8931995 C23.4929447,11.8931995 23.94066,12.3409148 23.94066,12.8931995 L23.94066,15.3368884 L26.2522624,15.3368884 C26.8045471,15.3368884 27.2522624,15.7846037 27.2522624,16.3368884 C27.2522624,16.8891732 26.8045471,17.3368884 26.2522624,17.3368884 L23.94066,17.3368884 L23.94066,19.8787952 C23.94066,20.43108 23.4929447,20.8787952 22.94066,20.8787952 C22.3883752,20.8787952 21.94066,20.43108 21.94066,19.8787952 L21.94066,17.3368884 L19.2666667,17.3368884 C18.7143819,17.3368884 18.2666667,16.8891732 18.2666667,16.3368884 C18.2666667,15.7846037 18.7143819,15.3368884 19.2666667,15.3368884 L21.94066,15.3368884 Z M8,12 C7.44771525,12 7,11.5522847 7,11 C7,10.4477153 7.44771525,10 8,10 L19.1153581,10 C19.6676429,10 20.1153581,10.4477153 20.1153581,11 C20.1153581,11.5522847 19.6676429,12 19.1153581,12 L8,12 Z M8,17.3368884 C7.44771525,17.3368884 7,16.8891732 7,16.3368884 C7,15.7846037 7.44771525,15.3368884 8,15.3368884 L14.7200696,15.3368884 C15.2723543,15.3368884 15.7200696,15.7846037 15.7200696,16.3368884 C15.7200696,16.8891732 15.2723543,17.3368884 14.7200696,17.3368884 L8,17.3368884 Z M8,23 C7.44771525,23 7,22.5522847 7,22 C7,21.4477153 7.44771525,21 8,21 L19.1153581,21 C19.6676429,21 20.1153581,21.4477153 20.1153581,22 C20.1153581,22.5522847 19.6676429,23 19.1153581,23 L8,23 Z" fill="#000000" fill-rule="nonzero"></path></g></g></svg></div> <div class="pdl-product-detail_list-tooltip"><p>Add item to shopping list</p> <em></em></div></button></div></div></div> <!----></li> <!----><!----> <!----> <!----> <!----> <li tabindex="-1" data-product-id="130736" class="slot mobile-product-list-cell"><!----> <!----> <!----> <!----> <div class="mobile-product-list-cell_content"><div><!----> <div class="flag_outer-container"><!----> <!----> <!----> <!----></div></div> <div class="mobile-product-list-cell_left"><div><!----> <img src="data:image/svg+xml;base64,PD94bWwgdmVyc2lvbj0iMS4wIiBlbmNvZGluZz0idXRmLTgiPz4KPCEtLSBHZW5lcmF0ZWQgYnkgSWNvTW9vbi5pbyAtLT4KPCFET0NUWVBFIHN2ZyBQVUJMSUMgIi0vL1czQy8vRFREIFNWRyAxLjEvL0VOIiAiaHR0cDovL3d3dy53My5vcmcvR3JhcGhpY3MvU1ZHLzEuMS9EVEQvc3ZnMTEuZHRkIj4KPHN2ZyB2ZXJzaW9uPSIxLjEiIHhtbG5zPSJodHRwOi8vd3d3LnczLm9yZy8yMDAwL3N2ZyIgeG1sbnM6eGxpbms9Imh0dHA6Ly93d3cudzMub3JnLzE5OTkveGxpbmsiIHdpZHRoPSI0OCIgaGVpZ2h0PSI0OCIgdmlld0JveD0iMCAwIDQ4IDQ4Ij4KPGcgaWQ9Imljb21vb24taWdub3JlIj4KCTxsaW5lIHN0cm9rZS13aWR0aD0iMSIgeDE9IiIgeTE9IiIgeDI9IiIgeTI9IiIgc3Ryb2tlPSIjNDQ5RkRCIiBvcGFjaXR5PSIiPjwvbGluZT4KPC9nPgoJPHBhdGggZD0iTTM4LjQ4IDkuMDcwYzAuMjQ4IDAgMC40NSAwLjIwMiAwLjQ1IDAuNDV2MjguOTU5YzAgMC4yNDgtMC4yMDIgMC40NS0wLjQ1IDAuNDVoLTI4Ljk1OWMtMC4yNDggMC0wLjQ1LTAuMjAyLTAuNDUtMC40NXYtMjguOTU5YzAtMC4yNDggMC4yMDItMC40NSAwLjQ1LTAuNDVoMjguOTU5ek0zOC40OCA4aC0yOC45NTljLTAuODQgMC0xLjUyIDAuNjgxLTEuNTIgMS41MjF2MjguOTU5YzAgMC44NCAwLjY4MSAxLjUyMSAxLjUyIDEuNTIxaDI4Ljk1OWMwLjg0IDAgMS41Mi0wLjY4MSAxLjUyLTEuNTIxdi0yOC45NTljMC0wLjg0LTAuNjgxLTEuNTIxLTEuNTItMS41MjF2MHoiIG9wYWNpdHk9IjEiIHZpc2liaWxpdHk9ImZhbHNlIiBmaWxsPSIjZDdkN2Q3Ij48L3BhdGg+Cgk8cGF0aCBkPSJNMTIuMjI4IDM1LjIyNHYtMy4zMjljMC0wLjE0NSAwLjA1OC0wLjI4NSAwLjE2LTAuMzg4bDUuNTg3LTUuNTg3YzAuMjE0LTAuMjE0IDAuNTYxLTAuMjE0IDAuNzc1IDBsMi4xMTkgMi4xMTljMC4yMTQgMC4yMTQgMC41NjEgMC4yMTQgMC43NzUgMGw4LjE5MS04LjE5MmMwLjIxNC0wLjIxNCAwLjU2MS0wLjIxNCAwLjc3NSAwbDUgNWMwLjEwMyAwLjEwMyAwLjE2IDAuMjQyIDAuMTYgMC4zODh2OS45ODhjMCAwLjMwMy0wLjI0NSAwLjU0OC0wLjU0OCAwLjU0OGgtMjIuNDQ3Yy0wLjMwMyAwLTAuNTQ4LTAuMjQ1LTAuNTQ4LTAuNTQ4eiIgb3BhY2l0eT0iMSIgdmlzaWJpbGl0eT0iZmFsc2UiIGZpbGw9IiNkN2Q3ZDciPjwvcGF0aD4KCTxwYXRoIGQ9Ik0yMS41NDQgMTcuOTY3YzAgMS45ODItMS42MDYgMy41ODgtMy41ODggMy41ODhzLTMuNTg4LTEuNjA2LTMuNTg4LTMuNTg4YzAtMS45ODEgMS42MDYtMy41ODggMy41ODgtMy41ODhzMy41ODggMS42MDYgMy41ODggMy41ODh6IiBvcGFjaXR5PSIxIiB2aXNpYmlsaXR5PSJmYWxzZSIgZmlsbD0iI2Q3ZDdkNyI+PC9wYXRoPgo8L3N2Zz4K" alt="Stop &amp; Shop Baby Bella Mushrooms Sliced" skeleton-box-size="9rem" class="product-grid-image object-contain"></div></div> <div class="mobile-product-list-cell_info"><div class="product-tile_detail"><div class="skeleton-loader_wrapper cursor-pointer"><div class="product-grid-cell_price-container product-grid-cell_price-container--mobile"><span class="product-grid-cell_main-price"><!---->
    $2.99
  </span> <!----></div> <!----></div> <!----></div> <div class="mobile-product-list-cell_name-content"><div class="skeleton-loader_wrapper"><div class="product-grid-cell_name"><a id="product-name-130736-16761547345246723" href="#" data-opens-modal="true" aria-haspopup="dialog" class="product-grid-cell_name-text product-grid-cell_name-text--clamp-2"><span class="vector-icon_inline-text--left mr-0"><div class="vector-icon-size--xsmall"><svg xmlns="http://www.w3.org/2000/svg" aria-label="Ahold Icon" viewBox="0 0 1024 945" role="presentation" aria-hidden="true" focusable="false" class=""><title lang="en">Ahold Icon</title><desc></desc><g fill="" stroke=""><g><path d="M1.893 730.617c-1.289-2.094-2.052-4.631-2.052-7.346 0-.747.058-1.481.169-2.197.158-12.396 10.227-22.466 22.687-22.634h895.306c12.476.168 22.545 10.237 22.713 22.698-.521 3.721-1.182 6.924-2.024 10.053l.131-.574c-86.363 175.072-263.598 293.385-468.466 293.385S88.254 905.689 3.252 733.663l-1.361-3.046z" fill="#F7A800" class="path1"></path> <path d="M107.889 132.495c1.893-1.893 1.893-3.786 3.786-5.678 2.98-3.491 7.385-5.69 12.303-5.69s9.323 2.199 12.284 5.668l.019.022L613.264 603.8c3.491 2.98 5.69 7.385 5.69 12.303s-2.199 9.323-5.668 12.284c-1.399 1.869-3.361 3.216-5.631 3.789l-.069.015c-38.446 13.732-82.796 21.669-129.001 21.669-108.416 0-206.626-43.699-277.977-114.443C130.241 467.591 86.799 369.1 86.799 260.462c0-45.803 7.722-89.803 21.936-130.767l-.845 2.8z" fill="#E2231A" class="path2"></path> <path d="M600.015 1.893a6.922 6.922 0 0 1 5.713-1.889c.057-.006.164-.007.272-.007 7.15 0 12.947 5.796 12.947 12.947 0 .108-.001.215-.004.322v-.016 503.482c.002.091.004.199.004.306 0 7.15-5.796 12.947-12.947 12.947-.108 0-.215-.001-.322-.004a6.925 6.925 0 0 1-5.665-1.895l.002.002c-98.273-48.542-164.673-148.065-164.673-263.098S501.743 50.434 598.306 2.657l1.709-.765z" fill="#712177" class="path3"></path> <path d="M938.824 283.919c1.893 0 1.893 1.893 3.786 1.893 1.765 2.012 2.841 4.666 2.841 7.571s-1.077 5.559-2.853 7.584l.011-.013-268.776 266.884c-2.012 1.765-4.666 2.841-7.571 2.841s-5.559-1.077-7.584-2.853a3.774 3.774 0 0 1-1.877-3.793l-.002.019c-7.681-21.529-12.12-46.363-12.12-72.235 0-61.263 24.891-116.712 65.111-156.786 39.326-39.792 93.895-64.431 154.219-64.431 26.857 0 52.573 4.884 76.309 13.812l-1.494-.493z" fill="#82BC00" class="path4"></path></g></g></svg></div></span>
    Stop &amp; Shop Baby Bella Mushrooms Sliced
  </a></div> <!----> <!----></div> <div class="skeleton-loader_wrapper"><div class="product-grid-cell_sizes"><span class="product-grid-cell_size">
    8 OZ PKG
  </span> <span aria-hidden="true">
    |
  </span> <!----> <span class="product-grid-cell_unit">
    $0.37 / OZ
  </span></div> <!----></div> <!----> <!----> <!----> <!----> <!----> <!----> <!----></div> <div class="mobile-product-list-cell_bottom"><div class="mobile-product-list-cell_bottom_cart-ui-wrapper"><!----> <!----> <div class="pdl-add-to-cart"><div class="pdl-add-to-cart_button"><button aria-label="Add to cart" data-product-id="130736" data-price="2.99" class="button button--add-to-cart">
      Add to cart
      <!----></button> <!----> <!----> <!----></div> <!----></div></div> <!----></div></div></div> <div class="product-tile_action-items"><!----> <!----> <div class="shopping-list-menu_container"><div class="relative-el"><button aria-label="add to shopping list" class="button pdl-product-detail_top-icon button--fourth pdl-product-detail_top-icon--borderless"><!----> <div class="vector-icon-size--large"><svg xmlns="http://www.w3.org/2000/svg" aria-label="Shopping List Icon Add" viewBox="0 0 32 32" role="presentation" aria-hidden="true" focusable="false" class="vector-icon-color--dark-grey"><title lang="en">Shopping List Icon Add</title><desc></desc><g fill="" stroke=""><g><path d="M21.94066,15.3368884 L21.94066,12.8931995 C21.94066,12.3409148 22.3883752,11.8931995 22.94066,11.8931995 C23.4929447,11.8931995 23.94066,12.3409148 23.94066,12.8931995 L23.94066,15.3368884 L26.2522624,15.3368884 C26.8045471,15.3368884 27.2522624,15.7846037 27.2522624,16.3368884 C27.2522624,16.8891732 26.8045471,17.3368884 26.2522624,17.3368884 L23.94066,17.3368884 L23.94066,19.8787952 C23.94066,20.43108 23.4929447,20.8787952 22.94066,20.8787952 C22.3883752,20.8787952 21.94066,20.43108 21.94066,19.8787952 L21.94066,17.3368884 L19.2666667,17.3368884 C18.7143819,17.3368884 18.2666667,16.8891732 18.2666667,16.3368884 C18.2666667,15.7846037 18.7143819,15.3368884 19.2666667,15.3368884 L21.94066,15.3368884 Z M8,12 C7.44771525,12 7,11.5522847 7,11 C7,10.4477153 7.44771525,10 8,10 L19.1153581,10 C19.6676429,10 20.1153581,10.4477153 20.1153581,11 C20.1153581,11.5522847 19.6676429,12 19.1153581,12 L8,12 Z M8,17.3368884 C7.44771525,17.3368884 7,16.8891732 7,16.3368884 C7,15.7846037 7.44771525,15.3368884 8,15.3368884 L14.7200696,15.3368884 C15.2723543,15.3368884 15.7200696,15.7846037 15.7200696,16.3368884 C15.7200696,16.8891732 15.2723543,17.3368884 14.7200696,17.3368884 L8,17.3368884 Z M8,23 C7.44771525,23 7,22.5522847 7,22 C7,21.4477153 7.44771525,21 8,21 L19.1153581,21 C19.6676429,21 20.1153581,21.4477153 20.1153581,22 C20.1153581,22.5522847 19.6676429,23 19.1153581,23 L8,23 Z" fill="#000000" fill-rule="nonzero"></path></g></g></svg></div> <div class="pdl-product-detail_list-tooltip"><p>Add item to shopping list</p> <em></em></div></button></div></div></div> <!----></li> <!----><!----> <!----> <!----> <!----> <li tabindex="-1" data-product-id="18385" class="slot mobile-product-list-cell"><!----> <!----> <!----> <!----> <div class="mobile-product-list-cell_content"><div><!----> <div class="flag_outer-container"><div class=""><svg xmlns="http://www.w3.org/2000/svg" aria-label="Sale" viewBox="0 0 32 32" role="presentation" aria-hidden="true" focusable="false" class="w-20 ml-3"><title lang="en">Sale</title><desc></desc><g fill="" stroke=""><g><path d="M16.56 19.87a3.81 3.81 0 0 1-1-.13l-13.39-3.5a1.5 1.5 0 0 1-1.12-1.34l-.81-11a1.52 1.52 0 0 1 1.39-1.61l27.69-2h.11a1.51 1.51 0 0 1 1.5 1.4l.82 11a1.52 1.52 0 0 1-.91 1.5l-12.72 5.36a3.79 3.79 0 0 1-1.56.32Z" fill="#ed1256"></path><path fill="#fff" d="M29.43.48a1.26 1.26 0 0 1 1.26 1.17l.82 11a1.27 1.27 0 0 1-.76 1.26L18 19.34a3.72 3.72 0 0 1-1.47.3 3.79 3.79 0 0 1-.94-.12L2.24 16a1.27 1.27 0 0 1-1-1.13l-.81-11a1.26 1.26 0 0 1 1.22-1.33L29.34.48h.09m0-.48h-.13L1.62 2A1.76 1.76 0 0 0 0 3.92l.82 11a1.73 1.73 0 0 0 1.3 1.55L15.5 20a4.3 4.3 0 0 0 1.07.14 4.24 4.24 0 0 0 1.65-.34l12.72-5.44A1.76 1.76 0 0 0 32 12.59l-.82-11A1.76 1.76 0 0 0 29.43 0Z"></path><path fill="#fff" d="M3.74 9.87a3 3 0 0 0 .82.55 2.21 2.21 0 0 0 1.08.19 1.6 1.6 0 0 0 .29 0 1 1 0 0 0 .26-.12.58.58 0 0 0 .18-.2.62.62 0 0 0 0-.31.59.59 0 0 0-.32-.49 3.38 3.38 0 0 0-.85-.34L4.84 9a4.19 4.19 0 0 1-.69-.26 2.44 2.44 0 0 1-.63-.41 1.92 1.92 0 0 1-.7-1.42 2.68 2.68 0 0 1 .1-1A2.2 2.2 0 0 1 3.39 5a2.42 2.42 0 0 1 .82-.6 3.15 3.15 0 0 1 1.17-.28 3.68 3.68 0 0 1 1.72.24 3 3 0 0 1 .57.29A2.66 2.66 0 0 1 8 5l-.82 1.37a4.42 4.42 0 0 0-.82-.45 2 2 0 0 0-.85-.13 1.4 1.4 0 0 0-.28.06A.9.9 0 0 0 5 6a.62.62 0 0 0-.16.2.5.5 0 0 0 0 .28.6.6 0 0 0 .1.31.68.68 0 0 0 .24.2 1.27 1.27 0 0 0 .35.15l.43.13.35.09a7.49 7.49 0 0 1 .69.22 2.2 2.2 0 0 1 .72.42 2.46 2.46 0 0 1 .54.68 2.31 2.31 0 0 1 .27 1 2.15 2.15 0 0 1-.15 1 2.53 2.53 0 0 1-.56.84 2.77 2.77 0 0 1-.88.59 4 4 0 0 1-1.11.27A4.67 4.67 0 0 1 4 12.25a3.79 3.79 0 0 1-1.28-.75ZM11.29 3.89l2.17-.16 3.1 7.7-2 .15L14 10l-2.39.18-.35 1.67-2 .14Zm2.15 4.6-1-2.84-.61 2.95ZM17 3.47l1.89-.14.44 6 3.3-.25.16 1.92-5.19.39ZM23.36 3l5.13-.38.13 1.8-3.24.24.09 1.22 2.66-.2.12 1.7-2.65.2.09 1.35 3.46-.26.13 1.81-5.34.4Z"></path></g></g></svg></div> <!----> <!----> <!----></div></div> <div class="mobile-product-list-cell_left"><div><!----> <img src="data:image/svg+xml;base64,PD94bWwgdmVyc2lvbj0iMS4wIiBlbmNvZGluZz0idXRmLTgiPz4KPCEtLSBHZW5lcmF0ZWQgYnkgSWNvTW9vbi5pbyAtLT4KPCFET0NUWVBFIHN2ZyBQVUJMSUMgIi0vL1czQy8vRFREIFNWRyAxLjEvL0VOIiAiaHR0cDovL3d3dy53My5vcmcvR3JhcGhpY3MvU1ZHLzEuMS9EVEQvc3ZnMTEuZHRkIj4KPHN2ZyB2ZXJzaW9uPSIxLjEiIHhtbG5zPSJodHRwOi8vd3d3LnczLm9yZy8yMDAwL3N2ZyIgeG1sbnM6eGxpbms9Imh0dHA6Ly93d3cudzMub3JnLzE5OTkveGxpbmsiIHdpZHRoPSI0OCIgaGVpZ2h0PSI0OCIgdmlld0JveD0iMCAwIDQ4IDQ4Ij4KPGcgaWQ9Imljb21vb24taWdub3JlIj4KCTxsaW5lIHN0cm9rZS13aWR0aD0iMSIgeDE9IiIgeTE9IiIgeDI9IiIgeTI9IiIgc3Ryb2tlPSIjNDQ5RkRCIiBvcGFjaXR5PSIiPjwvbGluZT4KPC9nPgoJPHBhdGggZD0iTTM4LjQ4IDkuMDcwYzAuMjQ4IDAgMC40NSAwLjIwMiAwLjQ1IDAuNDV2MjguOTU5YzAgMC4yNDgtMC4yMDIgMC40NS0wLjQ1IDAuNDVoLTI4Ljk1OWMtMC4yNDggMC0wLjQ1LTAuMjAyLTAuNDUtMC40NXYtMjguOTU5YzAtMC4yNDggMC4yMDItMC40NSAwLjQ1LTAuNDVoMjguOTU5ek0zOC40OCA4aC0yOC45NTljLTAuODQgMC0xLjUyIDAuNjgxLTEuNTIgMS41MjF2MjguOTU5YzAgMC44NCAwLjY4MSAxLjUyMSAxLjUyIDEuNTIxaDI4Ljk1OWMwLjg0IDAgMS41Mi0wLjY4MSAxLjUyLTEuNTIxdi0yOC45NTljMC0wLjg0LTAuNjgxLTEuNTIxLTEuNTItMS41MjF2MHoiIG9wYWNpdHk9IjEiIHZpc2liaWxpdHk9ImZhbHNlIiBmaWxsPSIjZDdkN2Q3Ij48L3BhdGg+Cgk8cGF0aCBkPSJNMTIuMjI4IDM1LjIyNHYtMy4zMjljMC0wLjE0NSAwLjA1OC0wLjI4NSAwLjE2LTAuMzg4bDUuNTg3LTUuNTg3YzAuMjE0LTAuMjE0IDAuNTYxLTAuMjE0IDAuNzc1IDBsMi4xMTkgMi4xMTljMC4yMTQgMC4yMTQgMC41NjEgMC4yMTQgMC43NzUgMGw4LjE5MS04LjE5MmMwLjIxNC0wLjIxNCAwLjU2MS0wLjIxNCAwLjc3NSAwbDUgNWMwLjEwMyAwLjEwMyAwLjE2IDAuMjQyIDAuMTYgMC4zODh2OS45ODhjMCAwLjMwMy0wLjI0NSAwLjU0OC0wLjU0OCAwLjU0OGgtMjIuNDQ3Yy0wLjMwMyAwLTAuNTQ4LTAuMjQ1LTAuNTQ4LTAuNTQ4eiIgb3BhY2l0eT0iMSIgdmlzaWJpbGl0eT0iZmFsc2UiIGZpbGw9IiNkN2Q3ZDciPjwvcGF0aD4KCTxwYXRoIGQ9Ik0yMS41NDQgMTcuOTY3YzAgMS45ODItMS42MDYgMy41ODgtMy41ODggMy41ODhzLTMuNTg4LTEuNjA2LTMuNTg4LTMuNTg4YzAtMS45ODEgMS42MDYtMy41ODggMy41ODgtMy41ODhzMy41ODggMS42MDYgMy41ODggMy41ODh6IiBvcGFjaXR5PSIxIiB2aXNpYmlsaXR5PSJmYWxzZSIgZmlsbD0iI2Q3ZDdkNyI+PC9wYXRoPgo8L3N2Zz4K" alt="Mission Flour Tortillas Soft Taco - 10 ct" skeleton-box-size="9rem" class="product-grid-image object-contain"></div></div> <div class="mobile-product-list-cell_info"><div class="product-tile_detail"><div class="skeleton-loader_wrapper cursor-pointer"><div class="product-grid-cell_price-container product-grid-cell_price-container_column product-grid-cell_price-container--mobile"><span class="product-grid-cell_main-price product-grid-cell_main-price--on-sale"><span class="sr-only">
      Sale Price
    </span>
    $2.50
  </span> <div class="product-grid-cell_was-container"><span class="product-grid-cell_regular-price product-grid-cell_regular-price--small"><span class="sr-only">
        Original Price
      </span>
      $4.19
    </span></div></div> <!----></div> <!----></div> <div class="mobile-product-list-cell_name-content"><div class="skeleton-loader_wrapper"><div class="product-grid-cell_name"><a id="product-name-18385-16761547345262402" href="#" data-opens-modal="true" aria-haspopup="dialog" class="product-grid-cell_name-text product-grid-cell_name-text--clamp-2"><!---->
    Mission Flour Tortillas Soft Taco - 10 ct
  </a></div> <!----> <!----></div> <div class="skeleton-loader_wrapper"><div class="product-grid-cell_sizes"><span class="product-grid-cell_size">
    17.5 OZ PKG
  </span> <span aria-hidden="true">
    |
  </span> <!----> <span class="product-grid-cell_unit">
    $0.14 / OZ
  </span></div> <!----></div> <!----> <!----> <!----> <!----> <!----> <!----> <!----></div> <div class="mobile-product-list-cell_bottom"><div class="mobile-product-list-cell_bottom_cart-ui-wrapper"><!----> <!----> <div class="pdl-add-to-cart"><div class="pdl-add-to-cart_button"><button aria-label="Add to cart" data-product-id="18385" data-price="2.5" class="button button--add-to-cart add-sale">
      Add to cart
      <!----></button> <!----> <!----> <!----></div> <!----></div></div> <!----></div></div></div> <div class="product-tile_action-items"><!----> <!----> <div class="shopping-list-menu_container"><div class="relative-el"><button aria-label="add to shopping list" class="button pdl-product-detail_top-icon button--fourth pdl-product-detail_top-icon--borderless"><!----> <div class="vector-icon-size--large"><svg xmlns="http://www.w3.org/2000/svg" aria-label="Shopping List Icon Add" viewBox="0 0 32 32" role="presentation" aria-hidden="true" focusable="false" class="vector-icon-color--dark-grey"><title lang="en">Shopping List Icon Add</title><desc></desc><g fill="" stroke=""><g><path d="M21.94066,15.3368884 L21.94066,12.8931995 C21.94066,12.3409148 22.3883752,11.8931995 22.94066,11.8931995 C23.4929447,11.8931995 23.94066,12.3409148 23.94066,12.8931995 L23.94066,15.3368884 L26.2522624,15.3368884 C26.8045471,15.3368884 27.2522624,15.7846037 27.2522624,16.3368884 C27.2522624,16.8891732 26.8045471,17.3368884 26.2522624,17.3368884 L23.94066,17.3368884 L23.94066,19.8787952 C23.94066,20.43108 23.4929447,20.8787952 22.94066,20.8787952 C22.3883752,20.8787952 21.94066,20.43108 21.94066,19.8787952 L21.94066,17.3368884 L19.2666667,17.3368884 C18.7143819,17.3368884 18.2666667,16.8891732 18.2666667,16.3368884 C18.2666667,15.7846037 18.7143819,15.3368884 19.2666667,15.3368884 L21.94066,15.3368884 Z M8,12 C7.44771525,12 7,11.5522847 7,11 C7,10.4477153 7.44771525,10 8,10 L19.1153581,10 C19.6676429,10 20.1153581,10.4477153 20.1153581,11 C20.1153581,11.5522847 19.6676429,12 19.1153581,12 L8,12 Z M8,17.3368884 C7.44771525,17.3368884 7,16.8891732 7,16.3368884 C7,15.7846037 7.44771525,15.3368884 8,15.3368884 L14.7200696,15.3368884 C15.2723543,15.3368884 15.7200696,15.7846037 15.7200696,16.3368884 C15.7200696,16.8891732 15.2723543,17.3368884 14.7200696,17.3368884 L8,17.3368884 Z M8,23 C7.44771525,23 7,22.5522847 7,22 C7,21.4477153 7.44771525,21 8,21 L19.1153581,21 C19.6676429,21 20.1153581,21.4477153 20.1153581,22 C20.1153581,22.5522847 19.6676429,23 19.1153581,23 L8,23 Z" fill="#000000" fill-rule="nonzero"></path></g></g></svg></div> <div class="pdl-product-detail_list-tooltip"><p>Add item to shopping list</p> <em></em></div></button></div></div></div> <!----></li> <!----><!----> <!----> <!----> <!----> <li tabindex="-1" data-product-id="118793" class="slot mobile-product-list-cell"><!----> <!----> <!----> <!----> <div class="mobile-product-list-cell_content"><div><!----> <div class="flag_outer-container"><!----> <!----> <!----> <!----></div></div> <div class="mobile-product-list-cell_left"><div><!----> <img src="data:image/svg+xml;base64,PD94bWwgdmVyc2lvbj0iMS4wIiBlbmNvZGluZz0idXRmLTgiPz4KPCEtLSBHZW5lcmF0ZWQgYnkgSWNvTW9vbi5pbyAtLT4KPCFET0NUWVBFIHN2ZyBQVUJMSUMgIi0vL1czQy8vRFREIFNWRyAxLjEvL0VOIiAiaHR0cDovL3d3dy53My5vcmcvR3JhcGhpY3MvU1ZHLzEuMS9EVEQvc3ZnMTEuZHRkIj4KPHN2ZyB2ZXJzaW9uPSIxLjEiIHhtbG5zPSJodHRwOi8vd3d3LnczLm9yZy8yMDAwL3N2ZyIgeG1sbnM6eGxpbms9Imh0dHA6Ly93d3cudzMub3JnLzE5OTkveGxpbmsiIHdpZHRoPSI0OCIgaGVpZ2h0PSI0OCIgdmlld0JveD0iMCAwIDQ4IDQ4Ij4KPGcgaWQ9Imljb21vb24taWdub3JlIj4KCTxsaW5lIHN0cm9rZS13aWR0aD0iMSIgeDE9IiIgeTE9IiIgeDI9IiIgeTI9IiIgc3Ryb2tlPSIjNDQ5RkRCIiBvcGFjaXR5PSIiPjwvbGluZT4KPC9nPgoJPHBhdGggZD0iTTM4LjQ4IDkuMDcwYzAuMjQ4IDAgMC40NSAwLjIwMiAwLjQ1IDAuNDV2MjguOTU5YzAgMC4yNDgtMC4yMDIgMC40NS0wLjQ1IDAuNDVoLTI4Ljk1OWMtMC4yNDggMC0wLjQ1LTAuMjAyLTAuNDUtMC40NXYtMjguOTU5YzAtMC4yNDggMC4yMDItMC40NSAwLjQ1LTAuNDVoMjguOTU5ek0zOC40OCA4aC0yOC45NTljLTAuODQgMC0xLjUyIDAuNjgxLTEuNTIgMS41MjF2MjguOTU5YzAgMC44NCAwLjY4MSAxLjUyMSAxLjUyIDEuNTIxaDI4Ljk1OWMwLjg0IDAgMS41Mi0wLjY4MSAxLjUyLTEuNTIxdi0yOC45NTljMC0wLjg0LTAuNjgxLTEuNTIxLTEuNTItMS41MjF2MHoiIG9wYWNpdHk9IjEiIHZpc2liaWxpdHk9ImZhbHNlIiBmaWxsPSIjZDdkN2Q3Ij48L3BhdGg+Cgk8cGF0aCBkPSJNMTIuMjI4IDM1LjIyNHYtMy4zMjljMC0wLjE0NSAwLjA1OC0wLjI4NSAwLjE2LTAuMzg4bDUuNTg3LTUuNTg3YzAuMjE0LTAuMjE0IDAuNTYxLTAuMjE0IDAuNzc1IDBsMi4xMTkgMi4xMTljMC4yMTQgMC4yMTQgMC41NjEgMC4yMTQgMC43NzUgMGw4LjE5MS04LjE5MmMwLjIxNC0wLjIxNCAwLjU2MS0wLjIxNCAwLjc3NSAwbDUgNWMwLjEwMyAwLjEwMyAwLjE2IDAuMjQyIDAuMTYgMC4zODh2OS45ODhjMCAwLjMwMy0wLjI0NSAwLjU0OC0wLjU0OCAwLjU0OGgtMjIuNDQ3Yy0wLjMwMyAwLTAuNTQ4LTAuMjQ1LTAuNTQ4LTAuNTQ4eiIgb3BhY2l0eT0iMSIgdmlzaWJpbGl0eT0iZmFsc2UiIGZpbGw9IiNkN2Q3ZDciPjwvcGF0aD4KCTxwYXRoIGQ9Ik0yMS41NDQgMTcuOTY3YzAgMS45ODItMS42MDYgMy41ODgtMy41ODggMy41ODhzLTMuNTg4LTEuNjA2LTMuNTg4LTMuNTg4YzAtMS45ODEgMS42MDYtMy41ODggMy41ODgtMy41ODhzMy41ODggMS42MDYgMy41ODggMy41ODh6IiBvcGFjaXR5PSIxIiB2aXNpYmlsaXR5PSJmYWxzZSIgZmlsbD0iI2Q3ZDdkNyI+PC9wYXRoPgo8L3N2Zz4K" alt="Stop &amp; Shop White Whole Mushrooms" skeleton-box-size="9rem" class="product-grid-image object-contain"></div></div> <div class="mobile-product-list-cell_info"><div class="product-tile_detail"><div class="skeleton-loader_wrapper cursor-pointer"><div class="product-grid-cell_price-container product-grid-cell_price-container--mobile"><span class="product-grid-cell_main-price"><!---->
    $2.79
  </span> <!----></div> <!----></div> <!----></div> <div class="mobile-product-list-cell_name-content"><div class="skeleton-loader_wrapper"><div class="product-grid-cell_name"><a id="product-name-118793-16761547345294245" href="#" data-opens-modal="true" aria-haspopup="dialog" class="product-grid-cell_name-text product-grid-cell_name-text--clamp-2"><span class="vector-icon_inline-text--left mr-0"><div class="vector-icon-size--xsmall"><svg xmlns="http://www.w3.org/2000/svg" aria-label="Ahold Icon" viewBox="0 0 1024 945" role="presentation" aria-hidden="true" focusable="false" class=""><title lang="en">Ahold Icon</title><desc></desc><g fill="" stroke=""><g><path d="M1.893 730.617c-1.289-2.094-2.052-4.631-2.052-7.346 0-.747.058-1.481.169-2.197.158-12.396 10.227-22.466 22.687-22.634h895.306c12.476.168 22.545 10.237 22.713 22.698-.521 3.721-1.182 6.924-2.024 10.053l.131-.574c-86.363 175.072-263.598 293.385-468.466 293.385S88.254 905.689 3.252 733.663l-1.361-3.046z" fill="#F7A800" class="path1"></path> <path d="M107.889 132.495c1.893-1.893 1.893-3.786 3.786-5.678 2.98-3.491 7.385-5.69 12.303-5.69s9.323 2.199 12.284 5.668l.019.022L613.264 603.8c3.491 2.98 5.69 7.385 5.69 12.303s-2.199 9.323-5.668 12.284c-1.399 1.869-3.361 3.216-5.631 3.789l-.069.015c-38.446 13.732-82.796 21.669-129.001 21.669-108.416 0-206.626-43.699-277.977-114.443C130.241 467.591 86.799 369.1 86.799 260.462c0-45.803 7.722-89.803 21.936-130.767l-.845 2.8z" fill="#E2231A" class="path2"></path> <path d="M600.015 1.893a6.922 6.922 0 0 1 5.713-1.889c.057-.006.164-.007.272-.007 7.15 0 12.947 5.796 12.947 12.947 0 .108-.001.215-.004.322v-.016 503.482c.002.091.004.199.004.306 0 7.15-5.796 12.947-12.947 12.947-.108 0-.215-.001-.322-.004a6.925 6.925 0 0 1-5.665-1.895l.002.002c-98.273-48.542-164.673-148.065-164.673-263.098S501.743 50.434 598.306 2.657l1.709-.765z" fill="#712177" class="path3"></path> <path d="M938.824 283.919c1.893 0 1.893 1.893 3.786 1.893 1.765 2.012 2.841 4.666 2.841 7.571s-1.077 5.559-2.853 7.584l.011-.013-268.776 266.884c-2.012 1.765-4.666 2.841-7.571 2.841s-5.559-1.077-7.584-2.853a3.774 3.774 0 0 1-1.877-3.793l-.002.019c-7.681-21.529-12.12-46.363-12.12-72.235 0-61.263 24.891-116.712 65.111-156.786 39.326-39.792 93.895-64.431 154.219-64.431 26.857 0 52.573 4.884 76.309 13.812l-1.494-.493z" fill="#82BC00" class="path4"></path></g></g></svg></div></span>
    Stop &amp; Shop White Whole Mushrooms
  </a></div> <!----> <!----></div> <div class="skeleton-loader_wrapper"><div class="product-grid-cell_sizes"><span class="product-grid-cell_size">
    8 OZ PKG
  </span> <span aria-hidden="true">
    |
  </span> <!----> <span class="product-grid-cell_unit">
    $0.35 / OZ
  </span></div> <!----></div> <!----> <!----> <!----> <!----> <!----> <!----> <!----></div> <div class="mobile-product-list-cell_bottom"><div class="mobile-product-list-cell_bottom_cart-ui-wrapper"><!----> <!----> <div class="pdl-add-to-cart"><div class="pdl-add-to-cart_button"><button aria-label="Add to cart" data-product-id="118793" data-price="2.79" class="button button--add-to-cart">
      Add to cart
      <!----></button> <!----> <!----> <!----></div> <!----></div></div> <!----></div></div></div> <div class="product-tile_action-items"><!----> <!----> <div class="shopping-list-menu_container"><div class="relative-el"><button aria-label="add to shopping list" class="button pdl-product-detail_top-icon button--fourth pdl-product-detail_top-icon--borderless"><!----> <div class="vector-icon-size--large"><svg xmlns="http://www.w3.org/2000/svg" aria-label="Shopping List Icon Add" viewBox="0 0 32 32" role="presentation" aria-hidden="true" focusable="false" class="vector-icon-color--dark-grey"><title lang="en">Shopping List Icon Add</title><desc></desc><g fill="" stroke=""><g><path d="M21.94066,15.3368884 L21.94066,12.8931995 C21.94066,12.3409148 22.3883752,11.8931995 22.94066,11.8931995 C23.4929447,11.8931995 23.94066,12.3409148 23.94066,12.8931995 L23.94066,15.3368884 L26.2522624,15.3368884 C26.8045471,15.3368884 27.2522624,15.7846037 27.2522624,16.3368884 C27.2522624,16.8891732 26.8045471,17.3368884 26.2522624,17.3368884 L23.94066,17.3368884 L23.94066,19.8787952 C23.94066,20.43108 23.4929447,20.8787952 22.94066,20.8787952 C22.3883752,20.8787952 21.94066,20.43108 21.94066,19.8787952 L21.94066,17.3368884 L19.2666667,17.3368884 C18.7143819,17.3368884 18.2666667,16.8891732 18.2666667,16.3368884 C18.2666667,15.7846037 18.7143819,15.3368884 19.2666667,15.3368884 L21.94066,15.3368884 Z M8,12 C7.44771525,12 7,11.5522847 7,11 C7,10.4477153 7.44771525,10 8,10 L19.1153581,10 C19.6676429,10 20.1153581,10.4477153 20.1153581,11 C20.1153581,11.5522847 19.6676429,12 19.1153581,12 L8,12 Z M8,17.3368884 C7.44771525,17.3368884 7,16.8891732 7,16.3368884 C7,15.7846037 7.44771525,15.3368884 8,15.3368884 L14.7200696,15.3368884 C15.2723543,15.3368884 15.7200696,15.7846037 15.7200696,16.3368884 C15.7200696,16.8891732 15.2723543,17.3368884 14.7200696,17.3368884 L8,17.3368884 Z M8,23 C7.44771525,23 7,22.5522847 7,22 C7,21.4477153 7.44771525,21 8,21 L19.1153581,21 C19.6676429,21 20.1153581,21.4477153 20.1153581,22 C20.1153581,22.5522847 19.6676429,23 19.1153581,23 L8,23 Z" fill="#000000" fill-rule="nonzero"></path></g></g></svg></div> <div class="pdl-product-detail_list-tooltip"><p>Add item to shopping list</p> <em></em></div></button></div></div></div> <!----></li> <!----><!----> <!----> <!----> <!----> <li tabindex="-1" data-product-id="311347" class="slot mobile-product-list-cell"><!----> <!----> <!----> <!----> <div class="mobile-product-list-cell_content"><div><!----> <div class="flag_outer-container"><div class=""><svg xmlns="http://www.w3.org/2000/svg" aria-label="Sale" viewBox="0 0 32 32" role="presentation" aria-hidden="true" focusable="false" class="w-20 ml-3"><title lang="en">Sale</title><desc></desc><g fill="" stroke=""><g><path d="M16.56 19.87a3.81 3.81 0 0 1-1-.13l-13.39-3.5a1.5 1.5 0 0 1-1.12-1.34l-.81-11a1.52 1.52 0 0 1 1.39-1.61l27.69-2h.11a1.51 1.51 0 0 1 1.5 1.4l.82 11a1.52 1.52 0 0 1-.91 1.5l-12.72 5.36a3.79 3.79 0 0 1-1.56.32Z" fill="#ed1256"></path><path fill="#fff" d="M29.43.48a1.26 1.26 0 0 1 1.26 1.17l.82 11a1.27 1.27 0 0 1-.76 1.26L18 19.34a3.72 3.72 0 0 1-1.47.3 3.79 3.79 0 0 1-.94-.12L2.24 16a1.27 1.27 0 0 1-1-1.13l-.81-11a1.26 1.26 0 0 1 1.22-1.33L29.34.48h.09m0-.48h-.13L1.62 2A1.76 1.76 0 0 0 0 3.92l.82 11a1.73 1.73 0 0 0 1.3 1.55L15.5 20a4.3 4.3 0 0 0 1.07.14 4.24 4.24 0 0 0 1.65-.34l12.72-5.44A1.76 1.76 0 0 0 32 12.59l-.82-11A1.76 1.76 0 0 0 29.43 0Z"></path><path fill="#fff" d="M3.74 9.87a3 3 0 0 0 .82.55 2.21 2.21 0 0 0 1.08.19 1.6 1.6 0 0 0 .29 0 1 1 0 0 0 .26-.12.58.58 0 0 0 .18-.2.62.62 0 0 0 0-.31.59.59 0 0 0-.32-.49 3.38 3.38 0 0 0-.85-.34L4.84 9a4.19 4.19 0 0 1-.69-.26 2.44 2.44 0 0 1-.63-.41 1.92 1.92 0 0 1-.7-1.42 2.68 2.68 0 0 1 .1-1A2.2 2.2 0 0 1 3.39 5a2.42 2.42 0 0 1 .82-.6 3.15 3.15 0 0 1 1.17-.28 3.68 3.68 0 0 1 1.72.24 3 3 0 0 1 .57.29A2.66 2.66 0 0 1 8 5l-.82 1.37a4.42 4.42 0 0 0-.82-.45 2 2 0 0 0-.85-.13 1.4 1.4 0 0 0-.28.06A.9.9 0 0 0 5 6a.62.62 0 0 0-.16.2.5.5 0 0 0 0 .28.6.6 0 0 0 .1.31.68.68 0 0 0 .24.2 1.27 1.27 0 0 0 .35.15l.43.13.35.09a7.49 7.49 0 0 1 .69.22 2.2 2.2 0 0 1 .72.42 2.46 2.46 0 0 1 .54.68 2.31 2.31 0 0 1 .27 1 2.15 2.15 0 0 1-.15 1 2.53 2.53 0 0 1-.56.84 2.77 2.77 0 0 1-.88.59 4 4 0 0 1-1.11.27A4.67 4.67 0 0 1 4 12.25a3.79 3.79 0 0 1-1.28-.75ZM11.29 3.89l2.17-.16 3.1 7.7-2 .15L14 10l-2.39.18-.35 1.67-2 .14Zm2.15 4.6-1-2.84-.61 2.95ZM17 3.47l1.89-.14.44 6 3.3-.25.16 1.92-5.19.39ZM23.36 3l5.13-.38.13 1.8-3.24.24.09 1.22 2.66-.2.12 1.7-2.65.2.09 1.35 3.46-.26.13 1.81-5.34.4Z"></path></g></g></svg></div> <!----> <!----> <!----></div></div> <div class="mobile-product-list-cell_left"><div><!----> <img src="data:image/svg+xml;base64,PD94bWwgdmVyc2lvbj0iMS4wIiBlbmNvZGluZz0idXRmLTgiPz4KPCEtLSBHZW5lcmF0ZWQgYnkgSWNvTW9vbi5pbyAtLT4KPCFET0NUWVBFIHN2ZyBQVUJMSUMgIi0vL1czQy8vRFREIFNWRyAxLjEvL0VOIiAiaHR0cDovL3d3dy53My5vcmcvR3JhcGhpY3MvU1ZHLzEuMS9EVEQvc3ZnMTEuZHRkIj4KPHN2ZyB2ZXJzaW9uPSIxLjEiIHhtbG5zPSJodHRwOi8vd3d3LnczLm9yZy8yMDAwL3N2ZyIgeG1sbnM6eGxpbms9Imh0dHA6Ly93d3cudzMub3JnLzE5OTkveGxpbmsiIHdpZHRoPSI0OCIgaGVpZ2h0PSI0OCIgdmlld0JveD0iMCAwIDQ4IDQ4Ij4KPGcgaWQ9Imljb21vb24taWdub3JlIj4KCTxsaW5lIHN0cm9rZS13aWR0aD0iMSIgeDE9IiIgeTE9IiIgeDI9IiIgeTI9IiIgc3Ryb2tlPSIjNDQ5RkRCIiBvcGFjaXR5PSIiPjwvbGluZT4KPC9nPgoJPHBhdGggZD0iTTM4LjQ4IDkuMDcwYzAuMjQ4IDAgMC40NSAwLjIwMiAwLjQ1IDAuNDV2MjguOTU5YzAgMC4yNDgtMC4yMDIgMC40NS0wLjQ1IDAuNDVoLTI4Ljk1OWMtMC4yNDggMC0wLjQ1LTAuMjAyLTAuNDUtMC40NXYtMjguOTU5YzAtMC4yNDggMC4yMDItMC40NSAwLjQ1LTAuNDVoMjguOTU5ek0zOC40OCA4aC0yOC45NTljLTAuODQgMC0xLjUyIDAuNjgxLTEuNTIgMS41MjF2MjguOTU5YzAgMC44NCAwLjY4MSAxLjUyMSAxLjUyIDEuNTIxaDI4Ljk1OWMwLjg0IDAgMS41Mi0wLjY4MSAxLjUyLTEuNTIxdi0yOC45NTljMC0wLjg0LTAuNjgxLTEuNTIxLTEuNTItMS41MjF2MHoiIG9wYWNpdHk9IjEiIHZpc2liaWxpdHk9ImZhbHNlIiBmaWxsPSIjZDdkN2Q3Ij48L3BhdGg+Cgk8cGF0aCBkPSJNMTIuMjI4IDM1LjIyNHYtMy4zMjljMC0wLjE0NSAwLjA1OC0wLjI4NSAwLjE2LTAuMzg4bDUuNTg3LTUuNTg3YzAuMjE0LTAuMjE0IDAuNTYxLTAuMjE0IDAuNzc1IDBsMi4xMTkgMi4xMTljMC4yMTQgMC4yMTQgMC41NjEgMC4yMTQgMC43NzUgMGw4LjE5MS04LjE5MmMwLjIxNC0wLjIxNCAwLjU2MS0wLjIxNCAwLjc3NSAwbDUgNWMwLjEwMyAwLjEwMyAwLjE2IDAuMjQyIDAuMTYgMC4zODh2OS45ODhjMCAwLjMwMy0wLjI0NSAwLjU0OC0wLjU0OCAwLjU0OGgtMjIuNDQ3Yy0wLjMwMyAwLTAuNTQ4LTAuMjQ1LTAuNTQ4LTAuNTQ4eiIgb3BhY2l0eT0iMSIgdmlzaWJpbGl0eT0iZmFsc2UiIGZpbGw9IiNkN2Q3ZDciPjwvcGF0aD4KCTxwYXRoIGQ9Ik0yMS41NDQgMTcuOTY3YzAgMS45ODItMS42MDYgMy41ODgtMy41ODggMy41ODhzLTMuNTg4LTEuNjA2LTMuNTg4LTMuNTg4YzAtMS45ODEgMS42MDYtMy41ODggMy41ODgtMy41ODhzMy41ODggMS42MDYgMy41ODggMy41ODh6IiBvcGFjaXR5PSIxIiB2aXNpYmlsaXR5PSJmYWxzZSIgZmlsbD0iI2Q3ZDdkNyI+PC9wYXRoPgo8L3N2Zz4K" alt="Ben's Original 90 Second Ready Rice Jasmine" skeleton-box-size="9rem" class="product-grid-image object-contain"></div></div> <div class="mobile-product-list-cell_info"><div class="product-tile_detail"><div class="skeleton-loader_wrapper cursor-pointer"><div class="product-grid-cell_price-container product-grid-cell_price-container_column product-grid-cell_price-container--mobile"><span class="product-grid-cell_main-price product-grid-cell_main-price--on-sale"><span class="sr-only">
      Sale Price
    </span>
    $2.50
  </span> <div class="product-grid-cell_was-container"><span class="product-grid-cell_regular-price product-grid-cell_regular-price--small"><span class="sr-only">
        Original Price
      </span>
      $2.79
    </span></div></div> <!----></div> <!----></div> <div class="mobile-product-list-cell_name-content"><div class="skeleton-loader_wrapper"><div class="product-grid-cell_name"><a id="product-name-311347-16761547345327499" href="#" data-opens-modal="true" aria-haspopup="dialog" class="product-grid-cell_name-text product-grid-cell_name-text--clamp-2"><!---->
    Ben's Original 90 Second Ready Rice Jasmine
  </a></div> <!----> <!----></div> <div class="skeleton-loader_wrapper"><div class="product-grid-cell_sizes"><span class="product-grid-cell_size">
    8.5 OZ PKG
  </span> <span aria-hidden="true">
    |
  </span> <!----> <span class="product-grid-cell_unit">
    $0.29 / OZ
  </span></div> <!----></div> <!----> <!----> <!----> <!----> <!----> <!----> <!----></div> <div class="mobile-product-list-cell_bottom"><div class="mobile-product-list-cell_bottom_cart-ui-wrapper"><!----> <!----> <div class="pdl-add-to-cart"><div class="pdl-add-to-cart_button"><button aria-label="Add to cart" data-product-id="311347" data-price="2.5" class="button button--add-to-cart add-sale">
      Add to cart
      <!----></button> <!----> <!----> <!----></div> <!----></div></div> <!----></div></div></div> <div class="product-tile_action-items"><!----> <!----> <div class="shopping-list-menu_container"><div class="relative-el"><button aria-label="add to shopping list" class="button pdl-product-detail_top-icon button--fourth pdl-product-detail_top-icon--borderless"><!----> <div class="vector-icon-size--large"><svg xmlns="http://www.w3.org/2000/svg" aria-label="Shopping List Icon Add" viewBox="0 0 32 32" role="presentation" aria-hidden="true" focusable="false" class="vector-icon-color--dark-grey"><title lang="en">Shopping List Icon Add</title><desc></desc><g fill="" stroke=""><g><path d="M21.94066,15.3368884 L21.94066,12.8931995 C21.94066,12.3409148 22.3883752,11.8931995 22.94066,11.8931995 C23.4929447,11.8931995 23.94066,12.3409148 23.94066,12.8931995 L23.94066,15.3368884 L26.2522624,15.3368884 C26.8045471,15.3368884 27.2522624,15.7846037 27.2522624,16.3368884 C27.2522624,16.8891732 26.8045471,17.3368884 26.2522624,17.3368884 L23.94066,17.3368884 L23.94066,19.8787952 C23.94066,20.43108 23.4929447,20.8787952 22.94066,20.8787952 C22.3883752,20.8787952 21.94066,20.43108 21.94066,19.8787952 L21.94066,17.3368884 L19.2666667,17.3368884 C18.7143819,17.3368884 18.2666667,16.8891732 18.2666667,16.3368884 C18.2666667,15.7846037 18.7143819,15.3368884 19.2666667,15.3368884 L21.94066,15.3368884 Z M8,12 C7.44771525,12 7,11.5522847 7,11 C7,10.4477153 7.44771525,10 8,10 L19.1153581,10 C19.6676429,10 20.1153581,10.4477153 20.1153581,11 C20.1153581,11.5522847 19.6676429,12 19.1153581,12 L8,12 Z M8,17.3368884 C7.44771525,17.3368884 7,16.8891732 7,16.3368884 C7,15.7846037 7.44771525,15.3368884 8,15.3368884 L14.7200696,15.3368884 C15.2723543,15.3368884 15.7200696,15.7846037 15.7200696,16.3368884 C15.7200696,16.8891732 15.2723543,17.3368884 14.7200696,17.3368884 L8,17.3368884 Z M8,23 C7.44771525,23 7,22.5522847 7,22 C7,21.4477153 7.44771525,21 8,21 L19.1153581,21 C19.6676429,21 20.1153581,21.4477153 20.1153581,22 C20.1153581,22.5522847 19.6676429,23 19.1153581,23 L8,23 Z" fill="#000000" fill-rule="nonzero"></path></g></g></svg></div> <div class="pdl-product-detail_list-tooltip"><p>Add item to shopping list</p> <em></em></div></button></div></div></div> <!----></li> <!----><!----> <!----> <!----> <!----> <li tabindex="-1" data-product-id="1179" class="slot mobile-product-list-cell"><!----> <!----> <!----> <!----> <div class="mobile-product-list-cell_content"><div><!----> <div class="flag_outer-container"><div class=""><svg xmlns="http://www.w3.org/2000/svg" aria-label="Sale" viewBox="0 0 32 32" role="presentation" aria-hidden="true" focusable="false" class="w-20 ml-3"><title lang="en">Sale</title><desc></desc><g fill="" stroke=""><g><path d="M16.56 19.87a3.81 3.81 0 0 1-1-.13l-13.39-3.5a1.5 1.5 0 0 1-1.12-1.34l-.81-11a1.52 1.52 0 0 1 1.39-1.61l27.69-2h.11a1.51 1.51 0 0 1 1.5 1.4l.82 11a1.52 1.52 0 0 1-.91 1.5l-12.72 5.36a3.79 3.79 0 0 1-1.56.32Z" fill="#ed1256"></path><path fill="#fff" d="M29.43.48a1.26 1.26 0 0 1 1.26 1.17l.82 11a1.27 1.27 0 0 1-.76 1.26L18 19.34a3.72 3.72 0 0 1-1.47.3 3.79 3.79 0 0 1-.94-.12L2.24 16a1.27 1.27 0 0 1-1-1.13l-.81-11a1.26 1.26 0 0 1 1.22-1.33L29.34.48h.09m0-.48h-.13L1.62 2A1.76 1.76 0 0 0 0 3.92l.82 11a1.73 1.73 0 0 0 1.3 1.55L15.5 20a4.3 4.3 0 0 0 1.07.14 4.24 4.24 0 0 0 1.65-.34l12.72-5.44A1.76 1.76 0 0 0 32 12.59l-.82-11A1.76 1.76 0 0 0 29.43 0Z"></path><path fill="#fff" d="M3.74 9.87a3 3 0 0 0 .82.55 2.21 2.21 0 0 0 1.08.19 1.6 1.6 0 0 0 .29 0 1 1 0 0 0 .26-.12.58.58 0 0 0 .18-.2.62.62 0 0 0 0-.31.59.59 0 0 0-.32-.49 3.38 3.38 0 0 0-.85-.34L4.84 9a4.19 4.19 0 0 1-.69-.26 2.44 2.44 0 0 1-.63-.41 1.92 1.92 0 0 1-.7-1.42 2.68 2.68 0 0 1 .1-1A2.2 2.2 0 0 1 3.39 5a2.42 2.42 0 0 1 .82-.6 3.15 3.15 0 0 1 1.17-.28 3.68 3.68 0 0 1 1.72.24 3 3 0 0 1 .57.29A2.66 2.66 0 0 1 8 5l-.82 1.37a4.42 4.42 0 0 0-.82-.45 2 2 0 0 0-.85-.13 1.4 1.4 0 0 0-.28.06A.9.9 0 0 0 5 6a.62.62 0 0 0-.16.2.5.5 0 0 0 0 .28.6.6 0 0 0 .1.31.68.68 0 0 0 .24.2 1.27 1.27 0 0 0 .35.15l.43.13.35.09a7.49 7.49 0 0 1 .69.22 2.2 2.2 0 0 1 .72.42 2.46 2.46 0 0 1 .54.68 2.31 2.31 0 0 1 .27 1 2.15 2.15 0 0 1-.15 1 2.53 2.53 0 0 1-.56.84 2.77 2.77 0 0 1-.88.59 4 4 0 0 1-1.11.27A4.67 4.67 0 0 1 4 12.25a3.79 3.79 0 0 1-1.28-.75ZM11.29 3.89l2.17-.16 3.1 7.7-2 .15L14 10l-2.39.18-.35 1.67-2 .14Zm2.15 4.6-1-2.84-.61 2.95ZM17 3.47l1.89-.14.44 6 3.3-.25.16 1.92-5.19.39ZM23.36 3l5.13-.38.13 1.8-3.24.24.09 1.22 2.66-.2.12 1.7-2.65.2.09 1.35 3.46-.26.13 1.81-5.34.4Z"></path></g></g></svg></div> <!----> <!----> <!----></div></div> <div class="mobile-product-list-cell_left"><div><!----> <img src="data:image/svg+xml;base64,PD94bWwgdmVyc2lvbj0iMS4wIiBlbmNvZGluZz0idXRmLTgiPz4KPCEtLSBHZW5lcmF0ZWQgYnkgSWNvTW9vbi5pbyAtLT4KPCFET0NUWVBFIHN2ZyBQVUJMSUMgIi0vL1czQy8vRFREIFNWRyAxLjEvL0VOIiAiaHR0cDovL3d3dy53My5vcmcvR3JhcGhpY3MvU1ZHLzEuMS9EVEQvc3ZnMTEuZHRkIj4KPHN2ZyB2ZXJzaW9uPSIxLjEiIHhtbG5zPSJodHRwOi8vd3d3LnczLm9yZy8yMDAwL3N2ZyIgeG1sbnM6eGxpbms9Imh0dHA6Ly93d3cudzMub3JnLzE5OTkveGxpbmsiIHdpZHRoPSI0OCIgaGVpZ2h0PSI0OCIgdmlld0JveD0iMCAwIDQ4IDQ4Ij4KPGcgaWQ9Imljb21vb24taWdub3JlIj4KCTxsaW5lIHN0cm9rZS13aWR0aD0iMSIgeDE9IiIgeTE9IiIgeDI9IiIgeTI9IiIgc3Ryb2tlPSIjNDQ5RkRCIiBvcGFjaXR5PSIiPjwvbGluZT4KPC9nPgoJPHBhdGggZD0iTTM4LjQ4IDkuMDcwYzAuMjQ4IDAgMC40NSAwLjIwMiAwLjQ1IDAuNDV2MjguOTU5YzAgMC4yNDgtMC4yMDIgMC40NS0wLjQ1IDAuNDVoLTI4Ljk1OWMtMC4yNDggMC0wLjQ1LTAuMjAyLTAuNDUtMC40NXYtMjguOTU5YzAtMC4yNDggMC4yMDItMC40NSAwLjQ1LTAuNDVoMjguOTU5ek0zOC40OCA4aC0yOC45NTljLTAuODQgMC0xLjUyIDAuNjgxLTEuNTIgMS41MjF2MjguOTU5YzAgMC44NCAwLjY4MSAxLjUyMSAxLjUyIDEuNTIxaDI4Ljk1OWMwLjg0IDAgMS41Mi0wLjY4MSAxLjUyLTEuNTIxdi0yOC45NTljMC0wLjg0LTAuNjgxLTEuNTIxLTEuNTItMS41MjF2MHoiIG9wYWNpdHk9IjEiIHZpc2liaWxpdHk9ImZhbHNlIiBmaWxsPSIjZDdkN2Q3Ij48L3BhdGg+Cgk8cGF0aCBkPSJNMTIuMjI4IDM1LjIyNHYtMy4zMjljMC0wLjE0NSAwLjA1OC0wLjI4NSAwLjE2LTAuMzg4bDUuNTg3LTUuNTg3YzAuMjE0LTAuMjE0IDAuNTYxLTAuMjE0IDAuNzc1IDBsMi4xMTkgMi4xMTljMC4yMTQgMC4yMTQgMC41NjEgMC4yMTQgMC43NzUgMGw4LjE5MS04LjE5MmMwLjIxNC0wLjIxNCAwLjU2MS0wLjIxNCAwLjc3NSAwbDUgNWMwLjEwMyAwLjEwMyAwLjE2IDAuMjQyIDAuMTYgMC4zODh2OS45ODhjMCAwLjMwMy0wLjI0NSAwLjU0OC0wLjU0OCAwLjU0OGgtMjIuNDQ3Yy0wLjMwMyAwLTAuNTQ4LTAuMjQ1LTAuNTQ4LTAuNTQ4eiIgb3BhY2l0eT0iMSIgdmlzaWJpbGl0eT0iZmFsc2UiIGZpbGw9IiNkN2Q3ZDciPjwvcGF0aD4KCTxwYXRoIGQ9Ik0yMS41NDQgMTcuOTY3YzAgMS45ODItMS42MDYgMy41ODgtMy41ODggMy41ODhzLTMuNTg4LTEuNjA2LTMuNTg4LTMuNTg4YzAtMS45ODEgMS42MDYtMy41ODggMy41ODgtMy41ODhzMy41ODggMS42MDYgMy41ODggMy41ODh6IiBvcGFjaXR5PSIxIiB2aXNpYmlsaXR5PSJmYWxzZSIgZmlsbD0iI2Q3ZDdkNyI+PC9wYXRoPgo8L3N2Zz4K" alt="General Mills Cheerios Cereal Honey Nut Gluten Free" skeleton-box-size="9rem" class="product-grid-image object-contain"></div></div> <div class="mobile-product-list-cell_info"><div class="product-tile_detail"><div class="skeleton-loader_wrapper cursor-pointer"><div class="product-grid-cell_price-container product-grid-cell_price-container_column product-grid-cell_price-container--mobile"><span class="product-grid-cell_main-price product-grid-cell_main-price--on-sale"><span class="sr-only">
      Sale Price
    </span>
    $3.00
  </span> <div class="product-grid-cell_was-container"><span class="product-grid-cell_regular-price product-grid-cell_regular-price--small"><span class="sr-only">
        Original Price
      </span>
      $4.39
    </span></div></div> <!----></div> <!----></div> <div class="mobile-product-list-cell_name-content"><div class="skeleton-loader_wrapper"><div class="product-grid-cell_name"><a id="product-name-1179-16761547345356191" href="#" data-opens-modal="true" aria-haspopup="dialog" class="product-grid-cell_name-text product-grid-cell_name-text--clamp-2"><!---->
    General Mills Cheerios Cereal Honey Nut Gluten Free
  </a></div> <!----> <!----></div> <div class="skeleton-loader_wrapper"><div class="product-grid-cell_sizes"><span class="product-grid-cell_size">
    10.8 OZ BOX
  </span> <span aria-hidden="true">
    |
  </span> <!----> <span class="product-grid-cell_unit">
    $0.28 / OZ
  </span></div> <!----></div> <!----> <div id="coupon-link-1179-16761547345356191" tabindex="0" role="link" aria-label="Open coupon details" data-opens-modal="true" class="product-tile_coupon-offer product-tile_coupon-offer-clippable product-tile_coupon-offer--mobile multiple-lines" is-mobile="true"><div class="product-tile_coupon-offer-display"><div class="vector-icon-size--xsmall margin-right--half"><svg xmlns="http://www.w3.org/2000/svg" aria-label="PdlIconCouponScissor" viewBox="0 0 19 20" role="presentation" aria-hidden="true" focusable="false" class="vector-icon-stroke--coupon"><title lang="en">PdlIconCouponScissor</title><desc></desc><g fill="" stroke=""><path d="M9.622 9.622 6.444 6.444a3.19 3.19 0 1 1-4.51-4.51 3.19 3.19 0 0 1 4.51 4.51l3.178 3.178 7.688-7.688-7.688 7.688Zm0 0 7.688 7.688-7.688-7.688L6.444 12.8l3.178-3.178ZM1.934 12.8a3.19 3.19 0 1 1 4.51 4.51 3.19 3.19 0 0 1-4.51-4.51Z" stroke="#007DA3" stroke-width="2" fill="none" fill-rule="evenodd" stroke-linecap="round" stroke-linejoin="round"></path></g></svg></div> <div class="vector-icon_mobile-center"><!----></div> <div class="product-tile_coupon-offer-name flex-center product-tile_coupon-offer-name--full-tile text-left"><!---->
      SAVE $1.00 ON TWO
    </div></div> <!----> <div class="product-tile_coupon-offer-loading-coupon"><!----></div></div> <div role="link" tabindex="0" data-opens-modal="true" aria-haspopup="dialog" class="product-grid-cell_multiple-offers"><p>
    View All Item Offers
  </p></div> <!----> <!----> <!----> <!----></div> <div class="mobile-product-list-cell_bottom"><div class="mobile-product-list-cell_bottom_cart-ui-wrapper"><!----> <!----> <div class="pdl-add-to-cart pdl-add-to-cart_coupon"><div class="pdl-add-to-cart_button"><button aria-label="Add to cart" data-product-id="1179" data-price="3" class="button button--add-to-cart add-sale">
      Add to cart
      <!----></button> <!----> <!----> <!----></div> <!----></div></div> <!----></div></div></div> <div class="product-tile_action-items"><!----> <!----> <div class="shopping-list-menu_container"><div class="relative-el"><button aria-label="add to shopping list" class="button pdl-product-detail_top-icon button--fourth pdl-product-detail_top-icon--borderless"><!----> <div class="vector-icon-size--large"><svg xmlns="http://www.w3.org/2000/svg" aria-label="Shopping List Icon Add" viewBox="0 0 32 32" role="presentation" aria-hidden="true" focusable="false" class="vector-icon-color--dark-grey"><title lang="en">Shopping List Icon Add</title><desc></desc><g fill="" stroke=""><g><path d="M21.94066,15.3368884 L21.94066,12.8931995 C21.94066,12.3409148 22.3883752,11.8931995 22.94066,11.8931995 C23.4929447,11.8931995 23.94066,12.3409148 23.94066,12.8931995 L23.94066,15.3368884 L26.2522624,15.3368884 C26.8045471,15.3368884 27.2522624,15.7846037 27.2522624,16.3368884 C27.2522624,16.8891732 26.8045471,17.3368884 26.2522624,17.3368884 L23.94066,17.3368884 L23.94066,19.8787952 C23.94066,20.43108 23.4929447,20.8787952 22.94066,20.8787952 C22.3883752,20.8787952 21.94066,20.43108 21.94066,19.8787952 L21.94066,17.3368884 L19.2666667,17.3368884 C18.7143819,17.3368884 18.2666667,16.8891732 18.2666667,16.3368884 C18.2666667,15.7846037 18.7143819,15.3368884 19.2666667,15.3368884 L21.94066,15.3368884 Z M8,12 C7.44771525,12 7,11.5522847 7,11 C7,10.4477153 7.44771525,10 8,10 L19.1153581,10 C19.6676429,10 20.1153581,10.4477153 20.1153581,11 C20.1153581,11.5522847 19.6676429,12 19.1153581,12 L8,12 Z M8,17.3368884 C7.44771525,17.3368884 7,16.8891732 7,16.3368884 C7,15.7846037 7.44771525,15.3368884 8,15.3368884 L14.7200696,15.3368884 C15.2723543,15.3368884 15.7200696,15.7846037 15.7200696,16.3368884 C15.7200696,16.8891732 15.2723543,17.3368884 14.7200696,17.3368884 L8,17.3368884 Z M8,23 C7.44771525,23 7,22.5522847 7,22 C7,21.4477153 7.44771525,21 8,21 L19.1153581,21 C19.6676429,21 20.1153581,21.4477153 20.1153581,22 C20.1153581,22.5522847 19.6676429,23 19.1153581,23 L8,23 Z" fill="#000000" fill-rule="nonzero"></path></g></g></svg></div> <div class="pdl-product-detail_list-tooltip"><p>Add item to shopping list</p> <em></em></div></button></div></div></div> <!----></li> <!----><!----> <!----> <!----> <!----> <li tabindex="-1" data-product-id="3241" class="slot mobile-product-list-cell"><!----> <!----> <!----> <!----> <div class="mobile-product-list-cell_content"><div><!----> <div class="flag_outer-container"><!----> <!----> <!----> <!----></div></div> <div class="mobile-product-list-cell_left"><div><!----> <img src="data:image/svg+xml;base64,PD94bWwgdmVyc2lvbj0iMS4wIiBlbmNvZGluZz0idXRmLTgiPz4KPCEtLSBHZW5lcmF0ZWQgYnkgSWNvTW9vbi5pbyAtLT4KPCFET0NUWVBFIHN2ZyBQVUJMSUMgIi0vL1czQy8vRFREIFNWRyAxLjEvL0VOIiAiaHR0cDovL3d3dy53My5vcmcvR3JhcGhpY3MvU1ZHLzEuMS9EVEQvc3ZnMTEuZHRkIj4KPHN2ZyB2ZXJzaW9uPSIxLjEiIHhtbG5zPSJodHRwOi8vd3d3LnczLm9yZy8yMDAwL3N2ZyIgeG1sbnM6eGxpbms9Imh0dHA6Ly93d3cudzMub3JnLzE5OTkveGxpbmsiIHdpZHRoPSI0OCIgaGVpZ2h0PSI0OCIgdmlld0JveD0iMCAwIDQ4IDQ4Ij4KPGcgaWQ9Imljb21vb24taWdub3JlIj4KCTxsaW5lIHN0cm9rZS13aWR0aD0iMSIgeDE9IiIgeTE9IiIgeDI9IiIgeTI9IiIgc3Ryb2tlPSIjNDQ5RkRCIiBvcGFjaXR5PSIiPjwvbGluZT4KPC9nPgoJPHBhdGggZD0iTTM4LjQ4IDkuMDcwYzAuMjQ4IDAgMC40NSAwLjIwMiAwLjQ1IDAuNDV2MjguOTU5YzAgMC4yNDgtMC4yMDIgMC40NS0wLjQ1IDAuNDVoLTI4Ljk1OWMtMC4yNDggMC0wLjQ1LTAuMjAyLTAuNDUtMC40NXYtMjguOTU5YzAtMC4yNDggMC4yMDItMC40NSAwLjQ1LTAuNDVoMjguOTU5ek0zOC40OCA4aC0yOC45NTljLTAuODQgMC0xLjUyIDAuNjgxLTEuNTIgMS41MjF2MjguOTU5YzAgMC44NCAwLjY4MSAxLjUyMSAxLjUyIDEuNTIxaDI4Ljk1OWMwLjg0IDAgMS41Mi0wLjY4MSAxLjUyLTEuNTIxdi0yOC45NTljMC0wLjg0LTAuNjgxLTEuNTIxLTEuNTItMS41MjF2MHoiIG9wYWNpdHk9IjEiIHZpc2liaWxpdHk9ImZhbHNlIiBmaWxsPSIjZDdkN2Q3Ij48L3BhdGg+Cgk8cGF0aCBkPSJNMTIuMjI4IDM1LjIyNHYtMy4zMjljMC0wLjE0NSAwLjA1OC0wLjI4NSAwLjE2LTAuMzg4bDUuNTg3LTUuNTg3YzAuMjE0LTAuMjE0IDAuNTYxLTAuMjE0IDAuNzc1IDBsMi4xMTkgMi4xMTljMC4yMTQgMC4yMTQgMC41NjEgMC4yMTQgMC43NzUgMGw4LjE5MS04LjE5MmMwLjIxNC0wLjIxNCAwLjU2MS0wLjIxNCAwLjc3NSAwbDUgNWMwLjEwMyAwLjEwMyAwLjE2IDAuMjQyIDAuMTYgMC4zODh2OS45ODhjMCAwLjMwMy0wLjI0NSAwLjU0OC0wLjU0OCAwLjU0OGgtMjIuNDQ3Yy0wLjMwMyAwLTAuNTQ4LTAuMjQ1LTAuNTQ4LTAuNTQ4eiIgb3BhY2l0eT0iMSIgdmlzaWJpbGl0eT0iZmFsc2UiIGZpbGw9IiNkN2Q3ZDciPjwvcGF0aD4KCTxwYXRoIGQ9Ik0yMS41NDQgMTcuOTY3YzAgMS45ODItMS42MDYgMy41ODgtMy41ODggMy41ODhzLTMuNTg4LTEuNjA2LTMuNTg4LTMuNTg4YzAtMS45ODEgMS42MDYtMy41ODggMy41ODgtMy41ODhzMy41ODggMS42MDYgMy41ODggMy41ODh6IiBvcGFjaXR5PSIxIiB2aXNpYmlsaXR5PSJmYWxzZSIgZmlsbD0iI2Q3ZDdkNyI+PC9wYXRoPgo8L3N2Zz4K" alt="Land O Lakes Butter Salted Sticks - 4 ct" skeleton-box-size="9rem" class="product-grid-image object-contain"></div></div> <div class="mobile-product-list-cell_info"><div class="product-tile_detail"><div class="skeleton-loader_wrapper cursor-pointer"><div class="product-grid-cell_price-container product-grid-cell_price-container--mobile"><span class="product-grid-cell_main-price"><!---->
    $6.59
  </span> <!----></div> <!----></div> <!----></div> <div class="mobile-product-list-cell_name-content"><div class="skeleton-loader_wrapper"><div class="product-grid-cell_name"><a id="product-name-3241-16761547345399717" href="#" data-opens-modal="true" aria-haspopup="dialog" class="product-grid-cell_name-text product-grid-cell_name-text--clamp-2"><!---->
    Land O Lakes Butter Salted Sticks - 4 ct
  </a></div> <!----> <!----></div> <div class="skeleton-loader_wrapper"><div class="product-grid-cell_sizes"><span class="product-grid-cell_size">
    16 OZ BOX
  </span> <span aria-hidden="true">
    |
  </span> <!----> <span class="product-grid-cell_unit">
    $6.59 / LB
  </span></div> <!----></div> <!----> <!----> <!----> <!----> <!----> <!----> <!----></div> <div class="mobile-product-list-cell_bottom"><div class="mobile-product-list-cell_bottom_cart-ui-wrapper"><!----> <!----> <div class="pdl-add-to-cart"><div class="pdl-add-to-cart_button"><button aria-label="Add to cart" data-product-id="3241" data-price="6.59" class="button button--add-to-cart">
      Add to cart
      <!----></button> <!----> <!----> <!----></div> <!----></div></div> <!----></div></div></div> <div class="product-tile_action-items"><!----> <!----> <div class="shopping-list-menu_container"><div class="relative-el"><button aria-label="add to shopping list" class="button pdl-product-detail_top-icon button--fourth pdl-product-detail_top-icon--borderless"><!----> <div class="vector-icon-size--large"><svg xmlns="http://www.w3.org/2000/svg" aria-label="Shopping List Icon Add" viewBox="0 0 32 32" role="presentation" aria-hidden="true" focusable="false" class="vector-icon-color--dark-grey"><title lang="en">Shopping List Icon Add</title><desc></desc><g fill="" stroke=""><g><path d="M21.94066,15.3368884 L21.94066,12.8931995 C21.94066,12.3409148 22.3883752,11.8931995 22.94066,11.8931995 C23.4929447,11.8931995 23.94066,12.3409148 23.94066,12.8931995 L23.94066,15.3368884 L26.2522624,15.3368884 C26.8045471,15.3368884 27.2522624,15.7846037 27.2522624,16.3368884 C27.2522624,16.8891732 26.8045471,17.3368884 26.2522624,17.3368884 L23.94066,17.3368884 L23.94066,19.8787952 C23.94066,20.43108 23.4929447,20.8787952 22.94066,20.8787952 C22.3883752,20.8787952 21.94066,20.43108 21.94066,19.8787952 L21.94066,17.3368884 L19.2666667,17.3368884 C18.7143819,17.3368884 18.2666667,16.8891732 18.2666667,16.3368884 C18.2666667,15.7846037 18.7143819,15.3368884 19.2666667,15.3368884 L21.94066,15.3368884 Z M8,12 C7.44771525,12 7,11.5522847 7,11 C7,10.4477153 7.44771525,10 8,10 L19.1153581,10 C19.6676429,10 20.1153581,10.4477153 20.1153581,11 C20.1153581,11.5522847 19.6676429,12 19.1153581,12 L8,12 Z M8,17.3368884 C7.44771525,17.3368884 7,16.8891732 7,16.3368884 C7,15.7846037 7.44771525,15.3368884 8,15.3368884 L14.7200696,15.3368884 C15.2723543,15.3368884 15.7200696,15.7846037 15.7200696,16.3368884 C15.7200696,16.8891732 15.2723543,17.3368884 14.7200696,17.3368884 L8,17.3368884 Z M8,23 C7.44771525,23 7,22.5522847 7,22 C7,21.4477153 7.44771525,21 8,21 L19.1153581,21 C19.6676429,21 20.1153581,21.4477153 20.1153581,22 C20.1153581,22.5522847 19.6676429,23 19.1153581,23 L8,23 Z" fill="#000000" fill-rule="nonzero"></path></g></g></svg></div> <div class="pdl-product-detail_list-tooltip"><p>Add item to shopping list</p> <em></em></div></button></div></div></div> <!----></li> <!----><!----> <!----> <!----> <!----> <li tabindex="-1" data-product-id="118646" class="slot mobile-product-list-cell"><!----> <!----> <!----> <!----> <div class="mobile-product-list-cell_content"><div><!----> <div class="flag_outer-container"><!----> <!----> <!----> <!----></div></div> <div class="mobile-product-list-cell_left"><div><!----> <img src="data:image/svg+xml;base64,PD94bWwgdmVyc2lvbj0iMS4wIiBlbmNvZGluZz0idXRmLTgiPz4KPCEtLSBHZW5lcmF0ZWQgYnkgSWNvTW9vbi5pbyAtLT4KPCFET0NUWVBFIHN2ZyBQVUJMSUMgIi0vL1czQy8vRFREIFNWRyAxLjEvL0VOIiAiaHR0cDovL3d3dy53My5vcmcvR3JhcGhpY3MvU1ZHLzEuMS9EVEQvc3ZnMTEuZHRkIj4KPHN2ZyB2ZXJzaW9uPSIxLjEiIHhtbG5zPSJodHRwOi8vd3d3LnczLm9yZy8yMDAwL3N2ZyIgeG1sbnM6eGxpbms9Imh0dHA6Ly93d3cudzMub3JnLzE5OTkveGxpbmsiIHdpZHRoPSI0OCIgaGVpZ2h0PSI0OCIgdmlld0JveD0iMCAwIDQ4IDQ4Ij4KPGcgaWQ9Imljb21vb24taWdub3JlIj4KCTxsaW5lIHN0cm9rZS13aWR0aD0iMSIgeDE9IiIgeTE9IiIgeDI9IiIgeTI9IiIgc3Ryb2tlPSIjNDQ5RkRCIiBvcGFjaXR5PSIiPjwvbGluZT4KPC9nPgoJPHBhdGggZD0iTTM4LjQ4IDkuMDcwYzAuMjQ4IDAgMC40NSAwLjIwMiAwLjQ1IDAuNDV2MjguOTU5YzAgMC4yNDgtMC4yMDIgMC40NS0wLjQ1IDAuNDVoLTI4Ljk1OWMtMC4yNDggMC0wLjQ1LTAuMjAyLTAuNDUtMC40NXYtMjguOTU5YzAtMC4yNDggMC4yMDItMC40NSAwLjQ1LTAuNDVoMjguOTU5ek0zOC40OCA4aC0yOC45NTljLTAuODQgMC0xLjUyIDAuNjgxLTEuNTIgMS41MjF2MjguOTU5YzAgMC44NCAwLjY4MSAxLjUyMSAxLjUyIDEuNTIxaDI4Ljk1OWMwLjg0IDAgMS41Mi0wLjY4MSAxLjUyLTEuNTIxdi0yOC45NTljMC0wLjg0LTAuNjgxLTEuNTIxLTEuNTItMS41MjF2MHoiIG9wYWNpdHk9IjEiIHZpc2liaWxpdHk9ImZhbHNlIiBmaWxsPSIjZDdkN2Q3Ij48L3BhdGg+Cgk8cGF0aCBkPSJNMTIuMjI4IDM1LjIyNHYtMy4zMjljMC0wLjE0NSAwLjA1OC0wLjI4NSAwLjE2LTAuMzg4bDUuNTg3LTUuNTg3YzAuMjE0LTAuMjE0IDAuNTYxLTAuMjE0IDAuNzc1IDBsMi4xMTkgMi4xMTljMC4yMTQgMC4yMTQgMC41NjEgMC4yMTQgMC43NzUgMGw4LjE5MS04LjE5MmMwLjIxNC0wLjIxNCAwLjU2MS0wLjIxNCAwLjc3NSAwbDUgNWMwLjEwMyAwLjEwMyAwLjE2IDAuMjQyIDAuMTYgMC4zODh2OS45ODhjMCAwLjMwMy0wLjI0NSAwLjU0OC0wLjU0OCAwLjU0OGgtMjIuNDQ3Yy0wLjMwMyAwLTAuNTQ4LTAuMjQ1LTAuNTQ4LTAuNTQ4eiIgb3BhY2l0eT0iMSIgdmlzaWJpbGl0eT0iZmFsc2UiIGZpbGw9IiNkN2Q3ZDciPjwvcGF0aD4KCTxwYXRoIGQ9Ik0yMS41NDQgMTcuOTY3YzAgMS45ODItMS42MDYgMy41ODgtMy41ODggMy41ODhzLTMuNTg4LTEuNjA2LTMuNTg4LTMuNTg4YzAtMS45ODEgMS42MDYtMy41ODggMy41ODgtMy41ODhzMy41ODggMS42MDYgMy41ODggMy41ODh6IiBvcGFjaXR5PSIxIiB2aXNpYmlsaXR5PSJmYWxzZSIgZmlsbD0iI2Q3ZDdkNyI+PC9wYXRoPgo8L3N2Zz4K" alt="Apples Cortland" skeleton-box-size="9rem" class="product-grid-image object-contain"></div></div> <div class="mobile-product-list-cell_info"><div class="product-tile_detail"><div class="skeleton-loader_wrapper cursor-pointer"><div class="product-grid-cell_price-container product-grid-cell_price-container--mobile"><span class="product-grid-cell_main-price"><!---->
    $0.85
  </span> <!----></div> <!----></div> <!----></div> <div class="mobile-product-list-cell_name-content"><div class="skeleton-loader_wrapper"><div class="product-grid-cell_name"><a id="product-name-118646-16761547345449899" href="#" data-opens-modal="true" aria-haspopup="dialog" class="product-grid-cell_name-text product-grid-cell_name-text--clamp-2"><!---->
    Apples Cortland
  </a></div> <!----> <!----></div> <div class="skeleton-loader_wrapper"><div class="product-grid-cell_sizes"><span class="product-grid-cell_size">
    1 EA
  </span> <span aria-hidden="true">
    |
  </span> <!----> <span class="product-grid-cell_unit">
    $0.85 / EA
  </span></div> <!----></div> <!----> <!----> <!----> <!----> <!----> <!----> <!----></div> <div class="mobile-product-list-cell_bottom"><div class="mobile-product-list-cell_bottom_cart-ui-wrapper"><!----> <!----> <div class="pdl-add-to-cart"><div class="pdl-add-to-cart_button"><button aria-label="Add to cart" data-product-id="118646" data-price="0.85" class="button button--add-to-cart">
      Add to cart
      <!----></button> <!----> <!----> <!----></div> <!----></div></div> <!----></div></div></div> <div class="product-tile_action-items"><!----> <!----> <div class="shopping-list-menu_container"><div class="relative-el"><button aria-label="add to shopping list" class="button pdl-product-detail_top-icon button--fourth pdl-product-detail_top-icon--borderless"><!----> <div class="vector-icon-size--large"><svg xmlns="http://www.w3.org/2000/svg" aria-label="Shopping List Icon Add" viewBox="0 0 32 32" role="presentation" aria-hidden="true" focusable="false" class="vector-icon-color--dark-grey"><title lang="en">Shopping List Icon Add</title><desc></desc><g fill="" stroke=""><g><path d="M21.94066,15.3368884 L21.94066,12.8931995 C21.94066,12.3409148 22.3883752,11.8931995 22.94066,11.8931995 C23.4929447,11.8931995 23.94066,12.3409148 23.94066,12.8931995 L23.94066,15.3368884 L26.2522624,15.3368884 C26.8045471,15.3368884 27.2522624,15.7846037 27.2522624,16.3368884 C27.2522624,16.8891732 26.8045471,17.3368884 26.2522624,17.3368884 L23.94066,17.3368884 L23.94066,19.8787952 C23.94066,20.43108 23.4929447,20.8787952 22.94066,20.8787952 C22.3883752,20.8787952 21.94066,20.43108 21.94066,19.8787952 L21.94066,17.3368884 L19.2666667,17.3368884 C18.7143819,17.3368884 18.2666667,16.8891732 18.2666667,16.3368884 C18.2666667,15.7846037 18.7143819,15.3368884 19.2666667,15.3368884 L21.94066,15.3368884 Z M8,12 C7.44771525,12 7,11.5522847 7,11 C7,10.4477153 7.44771525,10 8,10 L19.1153581,10 C19.6676429,10 20.1153581,10.4477153 20.1153581,11 C20.1153581,11.5522847 19.6676429,12 19.1153581,12 L8,12 Z M8,17.3368884 C7.44771525,17.3368884 7,16.8891732 7,16.3368884 C7,15.7846037 7.44771525,15.3368884 8,15.3368884 L14.7200696,15.3368884 C15.2723543,15.3368884 15.7200696,15.7846037 15.7200696,16.3368884 C15.7200696,16.8891732 15.2723543,17.3368884 14.7200696,17.3368884 L8,17.3368884 Z M8,23 C7.44771525,23 7,22.5522847 7,22 C7,21.4477153 7.44771525,21 8,21 L19.1153581,21 C19.6676429,21 20.1153581,21.4477153 20.1153581,22 C20.1153581,22.5522847 19.6676429,23 19.1153581,23 L8,23 Z" fill="#000000" fill-rule="nonzero"></path></g></g></svg></div> <div class="pdl-product-detail_list-tooltip"><p>Add item to shopping list</p> <em></em></div></button></div></div></div> <!----></li> <!----><!----> <!----> <!----> <!----> <li tabindex="-1" data-product-id="58243" class="slot mobile-product-list-cell"><!----> <!----> <!----> <!----> <div class="mobile-product-list-cell_content"><div><!----> <div class="flag_outer-container"><!----> <!----> <!----> <!----></div></div> <div class="mobile-product-list-cell_left"><div><!----> <img src="data:image/svg+xml;base64,PD94bWwgdmVyc2lvbj0iMS4wIiBlbmNvZGluZz0idXRmLTgiPz4KPCEtLSBHZW5lcmF0ZWQgYnkgSWNvTW9vbi5pbyAtLT4KPCFET0NUWVBFIHN2ZyBQVUJMSUMgIi0vL1czQy8vRFREIFNWRyAxLjEvL0VOIiAiaHR0cDovL3d3dy53My5vcmcvR3JhcGhpY3MvU1ZHLzEuMS9EVEQvc3ZnMTEuZHRkIj4KPHN2ZyB2ZXJzaW9uPSIxLjEiIHhtbG5zPSJodHRwOi8vd3d3LnczLm9yZy8yMDAwL3N2ZyIgeG1sbnM6eGxpbms9Imh0dHA6Ly93d3cudzMub3JnLzE5OTkveGxpbmsiIHdpZHRoPSI0OCIgaGVpZ2h0PSI0OCIgdmlld0JveD0iMCAwIDQ4IDQ4Ij4KPGcgaWQ9Imljb21vb24taWdub3JlIj4KCTxsaW5lIHN0cm9rZS13aWR0aD0iMSIgeDE9IiIgeTE9IiIgeDI9IiIgeTI9IiIgc3Ryb2tlPSIjNDQ5RkRCIiBvcGFjaXR5PSIiPjwvbGluZT4KPC9nPgoJPHBhdGggZD0iTTM4LjQ4IDkuMDcwYzAuMjQ4IDAgMC40NSAwLjIwMiAwLjQ1IDAuNDV2MjguOTU5YzAgMC4yNDgtMC4yMDIgMC40NS0wLjQ1IDAuNDVoLTI4Ljk1OWMtMC4yNDggMC0wLjQ1LTAuMjAyLTAuNDUtMC40NXYtMjguOTU5YzAtMC4yNDggMC4yMDItMC40NSAwLjQ1LTAuNDVoMjguOTU5ek0zOC40OCA4aC0yOC45NTljLTAuODQgMC0xLjUyIDAuNjgxLTEuNTIgMS41MjF2MjguOTU5YzAgMC44NCAwLjY4MSAxLjUyMSAxLjUyIDEuNTIxaDI4Ljk1OWMwLjg0IDAgMS41Mi0wLjY4MSAxLjUyLTEuNTIxdi0yOC45NTljMC0wLjg0LTAuNjgxLTEuNTIxLTEuNTItMS41MjF2MHoiIG9wYWNpdHk9IjEiIHZpc2liaWxpdHk9ImZhbHNlIiBmaWxsPSIjZDdkN2Q3Ij48L3BhdGg+Cgk8cGF0aCBkPSJNMTIuMjI4IDM1LjIyNHYtMy4zMjljMC0wLjE0NSAwLjA1OC0wLjI4NSAwLjE2LTAuMzg4bDUuNTg3LTUuNTg3YzAuMjE0LTAuMjE0IDAuNTYxLTAuMjE0IDAuNzc1IDBsMi4xMTkgMi4xMTljMC4yMTQgMC4yMTQgMC41NjEgMC4yMTQgMC43NzUgMGw4LjE5MS04LjE5MmMwLjIxNC0wLjIxNCAwLjU2MS0wLjIxNCAwLjc3NSAwbDUgNWMwLjEwMyAwLjEwMyAwLjE2IDAuMjQyIDAuMTYgMC4zODh2OS45ODhjMCAwLjMwMy0wLjI0NSAwLjU0OC0wLjU0OCAwLjU0OGgtMjIuNDQ3Yy0wLjMwMyAwLTAuNTQ4LTAuMjQ1LTAuNTQ4LTAuNTQ4eiIgb3BhY2l0eT0iMSIgdmlzaWJpbGl0eT0iZmFsc2UiIGZpbGw9IiNkN2Q3ZDciPjwvcGF0aD4KCTxwYXRoIGQ9Ik0yMS41NDQgMTcuOTY3YzAgMS45ODItMS42MDYgMy41ODgtMy41ODggMy41ODhzLTMuNTg4LTEuNjA2LTMuNTg4LTMuNTg4YzAtMS45ODEgMS42MDYtMy41ODggMy41ODgtMy41ODhzMy41ODggMS42MDYgMy41ODggMy41ODh6IiBvcGFjaXR5PSIxIiB2aXNpYmlsaXR5PSJmYWxzZSIgZmlsbD0iI2Q3ZDdkNyI+PC9wYXRoPgo8L3N2Zz4K" alt="Stop &amp; Shop Half &amp; Half" skeleton-box-size="9rem" class="product-grid-image object-contain"></div></div> <div class="mobile-product-list-cell_info"><div class="product-tile_detail"><div class="skeleton-loader_wrapper cursor-pointer"><div class="product-grid-cell_price-container product-grid-cell_price-container--mobile"><span class="product-grid-cell_main-price"><!---->
    $7.29
  </span> <!----></div> <!----></div> <!----></div> <div class="mobile-product-list-cell_name-content"><div class="skeleton-loader_wrapper"><div class="product-grid-cell_name"><a id="product-name-58243-16761547345456777" href="#" data-opens-modal="true" aria-haspopup="dialog" class="product-grid-cell_name-text product-grid-cell_name-text--clamp-2"><span class="vector-icon_inline-text--left mr-0"><div class="vector-icon-size--xsmall"><svg xmlns="http://www.w3.org/2000/svg" aria-label="Ahold Icon" viewBox="0 0 1024 945" role="presentation" aria-hidden="true" focusable="false" class=""><title lang="en">Ahold Icon</title><desc></desc><g fill="" stroke=""><g><path d="M1.893 730.617c-1.289-2.094-2.052-4.631-2.052-7.346 0-.747.058-1.481.169-2.197.158-12.396 10.227-22.466 22.687-22.634h895.306c12.476.168 22.545 10.237 22.713 22.698-.521 3.721-1.182 6.924-2.024 10.053l.131-.574c-86.363 175.072-263.598 293.385-468.466 293.385S88.254 905.689 3.252 733.663l-1.361-3.046z" fill="#F7A800" class="path1"></path> <path d="M107.889 132.495c1.893-1.893 1.893-3.786 3.786-5.678 2.98-3.491 7.385-5.69 12.303-5.69s9.323 2.199 12.284 5.668l.019.022L613.264 603.8c3.491 2.98 5.69 7.385 5.69 12.303s-2.199 9.323-5.668 12.284c-1.399 1.869-3.361 3.216-5.631 3.789l-.069.015c-38.446 13.732-82.796 21.669-129.001 21.669-108.416 0-206.626-43.699-277.977-114.443C130.241 467.591 86.799 369.1 86.799 260.462c0-45.803 7.722-89.803 21.936-130.767l-.845 2.8z" fill="#E2231A" class="path2"></path> <path d="M600.015 1.893a6.922 6.922 0 0 1 5.713-1.889c.057-.006.164-.007.272-.007 7.15 0 12.947 5.796 12.947 12.947 0 .108-.001.215-.004.322v-.016 503.482c.002.091.004.199.004.306 0 7.15-5.796 12.947-12.947 12.947-.108 0-.215-.001-.322-.004a6.925 6.925 0 0 1-5.665-1.895l.002.002c-98.273-48.542-164.673-148.065-164.673-263.098S501.743 50.434 598.306 2.657l1.709-.765z" fill="#712177" class="path3"></path> <path d="M938.824 283.919c1.893 0 1.893 1.893 3.786 1.893 1.765 2.012 2.841 4.666 2.841 7.571s-1.077 5.559-2.853 7.584l.011-.013-268.776 266.884c-2.012 1.765-4.666 2.841-7.571 2.841s-5.559-1.077-7.584-2.853a3.774 3.774 0 0 1-1.877-3.793l-.002.019c-7.681-21.529-12.12-46.363-12.12-72.235 0-61.263 24.891-116.712 65.111-156.786 39.326-39.792 93.895-64.431 154.219-64.431 26.857 0 52.573 4.884 76.309 13.812l-1.494-.493z" fill="#82BC00" class="path4"></path></g></g></svg></div></span>
    Stop &amp; Shop Half &amp; Half
  </a></div> <!----> <!----></div> <div class="skeleton-loader_wrapper"><div class="product-grid-cell_sizes"><span class="product-grid-cell_size">
    1/2 GALLON
  </span> <span aria-hidden="true">
    |
  </span> <!----> <span class="product-grid-cell_unit">
    $0.11 / OZ
  </span></div> <!----></div> <!----> <!----> <!----> <!----> <!----> <!----> <!----></div> <div class="mobile-product-list-cell_bottom"><div class="mobile-product-list-cell_bottom_cart-ui-wrapper"><!----> <!----> <div class="pdl-add-to-cart"><div class="pdl-add-to-cart_button"><button aria-label="Add to cart" data-product-id="58243" data-price="7.29" class="button button--add-to-cart">
      Add to cart
      <!----></button> <!----> <!----> <!----></div> <!----></div></div> <!----></div></div></div> <div class="product-tile_action-items"><!----> <!----> <div class="shopping-list-menu_container"><div class="relative-el"><button aria-label="add to shopping list" class="button pdl-product-detail_top-icon button--fourth pdl-product-detail_top-icon--borderless"><!----> <div class="vector-icon-size--large"><svg xmlns="http://www.w3.org/2000/svg" aria-label="Shopping List Icon Add" viewBox="0 0 32 32" role="presentation" aria-hidden="true" focusable="false" class="vector-icon-color--dark-grey"><title lang="en">Shopping List Icon Add</title><desc></desc><g fill="" stroke=""><g><path d="M21.94066,15.3368884 L21.94066,12.8931995 C21.94066,12.3409148 22.3883752,11.8931995 22.94066,11.8931995 C23.4929447,11.8931995 23.94066,12.3409148 23.94066,12.8931995 L23.94066,15.3368884 L26.2522624,15.3368884 C26.8045471,15.3368884 27.2522624,15.7846037 27.2522624,16.3368884 C27.2522624,16.8891732 26.8045471,17.3368884 26.2522624,17.3368884 L23.94066,17.3368884 L23.94066,19.8787952 C23.94066,20.43108 23.4929447,20.8787952 22.94066,20.8787952 C22.3883752,20.8787952 21.94066,20.43108 21.94066,19.8787952 L21.94066,17.3368884 L19.2666667,17.3368884 C18.7143819,17.3368884 18.2666667,16.8891732 18.2666667,16.3368884 C18.2666667,15.7846037 18.7143819,15.3368884 19.2666667,15.3368884 L21.94066,15.3368884 Z M8,12 C7.44771525,12 7,11.5522847 7,11 C7,10.4477153 7.44771525,10 8,10 L19.1153581,10 C19.6676429,10 20.1153581,10.4477153 20.1153581,11 C20.1153581,11.5522847 19.6676429,12 19.1153581,12 L8,12 Z M8,17.3368884 C7.44771525,17.3368884 7,16.8891732 7,16.3368884 C7,15.7846037 7.44771525,15.3368884 8,15.3368884 L14.7200696,15.3368884 C15.2723543,15.3368884 15.7200696,15.7846037 15.7200696,16.3368884 C15.7200696,16.8891732 15.2723543,17.3368884 14.7200696,17.3368884 L8,17.3368884 Z M8,23 C7.44771525,23 7,22.5522847 7,22 C7,21.4477153 7.44771525,21 8,21 L19.1153581,21 C19.6676429,21 20.1153581,21.4477153 20.1153581,22 C20.1153581,22.5522847 19.6676429,23 19.1153581,23 L8,23 Z" fill="#000000" fill-rule="nonzero"></path></g></g></svg></div> <div class="pdl-product-detail_list-tooltip"><p>Add item to shopping list</p> <em></em></div></button></div></div></div> <!----></li> <!----><!----> <!----> <!----> <!----> <li tabindex="-1" data-product-id="6770" class="slot mobile-product-list-cell"><!----> <!----> <!----> <!----> <div class="mobile-product-list-cell_content"><div><!----> <div class="flag_outer-container"><!----> <!----> <!----> <!----></div></div> <div class="mobile-product-list-cell_left"><div><!----> <img src="data:image/svg+xml;base64,PD94bWwgdmVyc2lvbj0iMS4wIiBlbmNvZGluZz0idXRmLTgiPz4KPCEtLSBHZW5lcmF0ZWQgYnkgSWNvTW9vbi5pbyAtLT4KPCFET0NUWVBFIHN2ZyBQVUJMSUMgIi0vL1czQy8vRFREIFNWRyAxLjEvL0VOIiAiaHR0cDovL3d3dy53My5vcmcvR3JhcGhpY3MvU1ZHLzEuMS9EVEQvc3ZnMTEuZHRkIj4KPHN2ZyB2ZXJzaW9uPSIxLjEiIHhtbG5zPSJodHRwOi8vd3d3LnczLm9yZy8yMDAwL3N2ZyIgeG1sbnM6eGxpbms9Imh0dHA6Ly93d3cudzMub3JnLzE5OTkveGxpbmsiIHdpZHRoPSI0OCIgaGVpZ2h0PSI0OCIgdmlld0JveD0iMCAwIDQ4IDQ4Ij4KPGcgaWQ9Imljb21vb24taWdub3JlIj4KCTxsaW5lIHN0cm9rZS13aWR0aD0iMSIgeDE9IiIgeTE9IiIgeDI9IiIgeTI9IiIgc3Ryb2tlPSIjNDQ5RkRCIiBvcGFjaXR5PSIiPjwvbGluZT4KPC9nPgoJPHBhdGggZD0iTTM4LjQ4IDkuMDcwYzAuMjQ4IDAgMC40NSAwLjIwMiAwLjQ1IDAuNDV2MjguOTU5YzAgMC4yNDgtMC4yMDIgMC40NS0wLjQ1IDAuNDVoLTI4Ljk1OWMtMC4yNDggMC0wLjQ1LTAuMjAyLTAuNDUtMC40NXYtMjguOTU5YzAtMC4yNDggMC4yMDItMC40NSAwLjQ1LTAuNDVoMjguOTU5ek0zOC40OCA4aC0yOC45NTljLTAuODQgMC0xLjUyIDAuNjgxLTEuNTIgMS41MjF2MjguOTU5YzAgMC44NCAwLjY4MSAxLjUyMSAxLjUyIDEuNTIxaDI4Ljk1OWMwLjg0IDAgMS41Mi0wLjY4MSAxLjUyLTEuNTIxdi0yOC45NTljMC0wLjg0LTAuNjgxLTEuNTIxLTEuNTItMS41MjF2MHoiIG9wYWNpdHk9IjEiIHZpc2liaWxpdHk9ImZhbHNlIiBmaWxsPSIjZDdkN2Q3Ij48L3BhdGg+Cgk8cGF0aCBkPSJNMTIuMjI4IDM1LjIyNHYtMy4zMjljMC0wLjE0NSAwLjA1OC0wLjI4NSAwLjE2LTAuMzg4bDUuNTg3LTUuNTg3YzAuMjE0LTAuMjE0IDAuNTYxLTAuMjE0IDAuNzc1IDBsMi4xMTkgMi4xMTljMC4yMTQgMC4yMTQgMC41NjEgMC4yMTQgMC43NzUgMGw4LjE5MS04LjE5MmMwLjIxNC0wLjIxNCAwLjU2MS0wLjIxNCAwLjc3NSAwbDUgNWMwLjEwMyAwLjEwMyAwLjE2IDAuMjQyIDAuMTYgMC4zODh2OS45ODhjMCAwLjMwMy0wLjI0NSAwLjU0OC0wLjU0OCAwLjU0OGgtMjIuNDQ3Yy0wLjMwMyAwLTAuNTQ4LTAuMjQ1LTAuNTQ4LTAuNTQ4eiIgb3BhY2l0eT0iMSIgdmlzaWJpbGl0eT0iZmFsc2UiIGZpbGw9IiNkN2Q3ZDciPjwvcGF0aD4KCTxwYXRoIGQ9Ik0yMS41NDQgMTcuOTY3YzAgMS45ODItMS42MDYgMy41ODgtMy41ODggMy41ODhzLTMuNTg4LTEuNjA2LTMuNTg4LTMuNTg4YzAtMS45ODEgMS42MDYtMy41ODggMy41ODgtMy41ODhzMy41ODggMS42MDYgMy41ODggMy41ODh6IiBvcGFjaXR5PSIxIiB2aXNpYmlsaXR5PSJmYWxzZSIgZmlsbD0iI2Q3ZDdkNyI+PC9wYXRoPgo8L3N2Zz4K" alt="Thomas' English Muffins Cinnamon Raisin - 6 ct" skeleton-box-size="9rem" class="product-grid-image object-contain"></div></div> <div class="mobile-product-list-cell_info"><div class="product-tile_detail"><div class="skeleton-loader_wrapper cursor-pointer"><div class="product-grid-cell_price-container product-grid-cell_price-container--mobile"><span class="product-grid-cell_main-price"><!---->
    $5.29
  </span> <!----></div> <!----></div> <!----></div> <div class="mobile-product-list-cell_name-content"><div class="skeleton-loader_wrapper"><div class="product-grid-cell_name"><a id="product-name-6770-16761547345499683" href="#" data-opens-modal="true" aria-haspopup="dialog" class="product-grid-cell_name-text product-grid-cell_name-text--clamp-2"><!---->
    Thomas' English Muffins Cinnamon Raisin - 6 ct
  </a></div> <!----> <!----></div> <div class="skeleton-loader_wrapper"><div class="product-grid-cell_sizes"><span class="product-grid-cell_size">
    13 OZ PKG
  </span> <span aria-hidden="true">
    |
  </span> <!----> <span class="product-grid-cell_unit">
    $0.41 / OZ
  </span></div> <!----></div> <!----> <!----> <!----> <!----> <!----> <!----> <!----></div> <div class="mobile-product-list-cell_bottom"><div class="mobile-product-list-cell_bottom_cart-ui-wrapper"><!----> <!----> <div class="pdl-add-to-cart"><div class="pdl-add-to-cart_button"><button aria-label="Add to cart" data-product-id="6770" data-price="5.29" class="button button--add-to-cart">
      Add to cart
      <!----></button> <!----> <!----> <!----></div> <!----></div></div> <!----></div></div></div> <div class="product-tile_action-items"><!----> <!----> <div class="shopping-list-menu_container"><div class="relative-el"><button aria-label="add to shopping list" class="button pdl-product-detail_top-icon button--fourth pdl-product-detail_top-icon--borderless"><!----> <div class="vector-icon-size--large"><svg xmlns="http://www.w3.org/2000/svg" aria-label="Shopping List Icon Add" viewBox="0 0 32 32" role="presentation" aria-hidden="true" focusable="false" class="vector-icon-color--dark-grey"><title lang="en">Shopping List Icon Add</title><desc></desc><g fill="" stroke=""><g><path d="M21.94066,15.3368884 L21.94066,12.8931995 C21.94066,12.3409148 22.3883752,11.8931995 22.94066,11.8931995 C23.4929447,11.8931995 23.94066,12.3409148 23.94066,12.8931995 L23.94066,15.3368884 L26.2522624,15.3368884 C26.8045471,15.3368884 27.2522624,15.7846037 27.2522624,16.3368884 C27.2522624,16.8891732 26.8045471,17.3368884 26.2522624,17.3368884 L23.94066,17.3368884 L23.94066,19.8787952 C23.94066,20.43108 23.4929447,20.8787952 22.94066,20.8787952 C22.3883752,20.8787952 21.94066,20.43108 21.94066,19.8787952 L21.94066,17.3368884 L19.2666667,17.3368884 C18.7143819,17.3368884 18.2666667,16.8891732 18.2666667,16.3368884 C18.2666667,15.7846037 18.7143819,15.3368884 19.2666667,15.3368884 L21.94066,15.3368884 Z M8,12 C7.44771525,12 7,11.5522847 7,11 C7,10.4477153 7.44771525,10 8,10 L19.1153581,10 C19.6676429,10 20.1153581,10.4477153 20.1153581,11 C20.1153581,11.5522847 19.6676429,12 19.1153581,12 L8,12 Z M8,17.3368884 C7.44771525,17.3368884 7,16.8891732 7,16.3368884 C7,15.7846037 7.44771525,15.3368884 8,15.3368884 L14.7200696,15.3368884 C15.2723543,15.3368884 15.7200696,15.7846037 15.7200696,16.3368884 C15.7200696,16.8891732 15.2723543,17.3368884 14.7200696,17.3368884 L8,17.3368884 Z M8,23 C7.44771525,23 7,22.5522847 7,22 C7,21.4477153 7.44771525,21 8,21 L19.1153581,21 C19.6676429,21 20.1153581,21.4477153 20.1153581,22 C20.1153581,22.5522847 19.6676429,23 19.1153581,23 L8,23 Z" fill="#000000" fill-rule="nonzero"></path></g></g></svg></div> <div class="pdl-product-detail_list-tooltip"><p>Add item to shopping list</p> <em></em></div></button></div></div></div> <!----></li> <!----><!----> <!----> <!----> <!----> <li tabindex="-1" data-product-id="107167" class="slot mobile-product-list-cell"><!----> <!----> <!----> <!----> <div class="mobile-product-list-cell_content"><div><!----> <div class="flag_outer-container"><div class=""><svg xmlns="http://www.w3.org/2000/svg" aria-label="Sale" viewBox="0 0 32 32" role="presentation" aria-hidden="true" focusable="false" class="w-20 ml-3"><title lang="en">Sale</title><desc></desc><g fill="" stroke=""><g><path d="M16.56 19.87a3.81 3.81 0 0 1-1-.13l-13.39-3.5a1.5 1.5 0 0 1-1.12-1.34l-.81-11a1.52 1.52 0 0 1 1.39-1.61l27.69-2h.11a1.51 1.51 0 0 1 1.5 1.4l.82 11a1.52 1.52 0 0 1-.91 1.5l-12.72 5.36a3.79 3.79 0 0 1-1.56.32Z" fill="#ed1256"></path><path fill="#fff" d="M29.43.48a1.26 1.26 0 0 1 1.26 1.17l.82 11a1.27 1.27 0 0 1-.76 1.26L18 19.34a3.72 3.72 0 0 1-1.47.3 3.79 3.79 0 0 1-.94-.12L2.24 16a1.27 1.27 0 0 1-1-1.13l-.81-11a1.26 1.26 0 0 1 1.22-1.33L29.34.48h.09m0-.48h-.13L1.62 2A1.76 1.76 0 0 0 0 3.92l.82 11a1.73 1.73 0 0 0 1.3 1.55L15.5 20a4.3 4.3 0 0 0 1.07.14 4.24 4.24 0 0 0 1.65-.34l12.72-5.44A1.76 1.76 0 0 0 32 12.59l-.82-11A1.76 1.76 0 0 0 29.43 0Z"></path><path fill="#fff" d="M3.74 9.87a3 3 0 0 0 .82.55 2.21 2.21 0 0 0 1.08.19 1.6 1.6 0 0 0 .29 0 1 1 0 0 0 .26-.12.58.58 0 0 0 .18-.2.62.62 0 0 0 0-.31.59.59 0 0 0-.32-.49 3.38 3.38 0 0 0-.85-.34L4.84 9a4.19 4.19 0 0 1-.69-.26 2.44 2.44 0 0 1-.63-.41 1.92 1.92 0 0 1-.7-1.42 2.68 2.68 0 0 1 .1-1A2.2 2.2 0 0 1 3.39 5a2.42 2.42 0 0 1 .82-.6 3.15 3.15 0 0 1 1.17-.28 3.68 3.68 0 0 1 1.72.24 3 3 0 0 1 .57.29A2.66 2.66 0 0 1 8 5l-.82 1.37a4.42 4.42 0 0 0-.82-.45 2 2 0 0 0-.85-.13 1.4 1.4 0 0 0-.28.06A.9.9 0 0 0 5 6a.62.62 0 0 0-.16.2.5.5 0 0 0 0 .28.6.6 0 0 0 .1.31.68.68 0 0 0 .24.2 1.27 1.27 0 0 0 .35.15l.43.13.35.09a7.49 7.49 0 0 1 .69.22 2.2 2.2 0 0 1 .72.42 2.46 2.46 0 0 1 .54.68 2.31 2.31 0 0 1 .27 1 2.15 2.15 0 0 1-.15 1 2.53 2.53 0 0 1-.56.84 2.77 2.77 0 0 1-.88.59 4 4 0 0 1-1.11.27A4.67 4.67 0 0 1 4 12.25a3.79 3.79 0 0 1-1.28-.75ZM11.29 3.89l2.17-.16 3.1 7.7-2 .15L14 10l-2.39.18-.35 1.67-2 .14Zm2.15 4.6-1-2.84-.61 2.95ZM17 3.47l1.89-.14.44 6 3.3-.25.16 1.92-5.19.39ZM23.36 3l5.13-.38.13 1.8-3.24.24.09 1.22 2.66-.2.12 1.7-2.65.2.09 1.35 3.46-.26.13 1.81-5.34.4Z"></path></g></g></svg></div> <!----> <!----> <!----></div></div> <div class="mobile-product-list-cell_left"><div><!----> <img src="data:image/svg+xml;base64,PD94bWwgdmVyc2lvbj0iMS4wIiBlbmNvZGluZz0idXRmLTgiPz4KPCEtLSBHZW5lcmF0ZWQgYnkgSWNvTW9vbi5pbyAtLT4KPCFET0NUWVBFIHN2ZyBQVUJMSUMgIi0vL1czQy8vRFREIFNWRyAxLjEvL0VOIiAiaHR0cDovL3d3dy53My5vcmcvR3JhcGhpY3MvU1ZHLzEuMS9EVEQvc3ZnMTEuZHRkIj4KPHN2ZyB2ZXJzaW9uPSIxLjEiIHhtbG5zPSJodHRwOi8vd3d3LnczLm9yZy8yMDAwL3N2ZyIgeG1sbnM6eGxpbms9Imh0dHA6Ly93d3cudzMub3JnLzE5OTkveGxpbmsiIHdpZHRoPSI0OCIgaGVpZ2h0PSI0OCIgdmlld0JveD0iMCAwIDQ4IDQ4Ij4KPGcgaWQ9Imljb21vb24taWdub3JlIj4KCTxsaW5lIHN0cm9rZS13aWR0aD0iMSIgeDE9IiIgeTE9IiIgeDI9IiIgeTI9IiIgc3Ryb2tlPSIjNDQ5RkRCIiBvcGFjaXR5PSIiPjwvbGluZT4KPC9nPgoJPHBhdGggZD0iTTM4LjQ4IDkuMDcwYzAuMjQ4IDAgMC40NSAwLjIwMiAwLjQ1IDAuNDV2MjguOTU5YzAgMC4yNDgtMC4yMDIgMC40NS0wLjQ1IDAuNDVoLTI4Ljk1OWMtMC4yNDggMC0wLjQ1LTAuMjAyLTAuNDUtMC40NXYtMjguOTU5YzAtMC4yNDggMC4yMDItMC40NSAwLjQ1LTAuNDVoMjguOTU5ek0zOC40OCA4aC0yOC45NTljLTAuODQgMC0xLjUyIDAuNjgxLTEuNTIgMS41MjF2MjguOTU5YzAgMC44NCAwLjY4MSAxLjUyMSAxLjUyIDEuNTIxaDI4Ljk1OWMwLjg0IDAgMS41Mi0wLjY4MSAxLjUyLTEuNTIxdi0yOC45NTljMC0wLjg0LTAuNjgxLTEuNTIxLTEuNTItMS41MjF2MHoiIG9wYWNpdHk9IjEiIHZpc2liaWxpdHk9ImZhbHNlIiBmaWxsPSIjZDdkN2Q3Ij48L3BhdGg+Cgk8cGF0aCBkPSJNMTIuMjI4IDM1LjIyNHYtMy4zMjljMC0wLjE0NSAwLjA1OC0wLjI4NSAwLjE2LTAuMzg4bDUuNTg3LTUuNTg3YzAuMjE0LTAuMjE0IDAuNTYxLTAuMjE0IDAuNzc1IDBsMi4xMTkgMi4xMTljMC4yMTQgMC4yMTQgMC41NjEgMC4yMTQgMC43NzUgMGw4LjE5MS04LjE5MmMwLjIxNC0wLjIxNCAwLjU2MS0wLjIxNCAwLjc3NSAwbDUgNWMwLjEwMyAwLjEwMyAwLjE2IDAuMjQyIDAuMTYgMC4zODh2OS45ODhjMCAwLjMwMy0wLjI0NSAwLjU0OC0wLjU0OCAwLjU0OGgtMjIuNDQ3Yy0wLjMwMyAwLTAuNTQ4LTAuMjQ1LTAuNTQ4LTAuNTQ4eiIgb3BhY2l0eT0iMSIgdmlzaWJpbGl0eT0iZmFsc2UiIGZpbGw9IiNkN2Q3ZDciPjwvcGF0aD4KCTxwYXRoIGQ9Ik0yMS41NDQgMTcuOTY3YzAgMS45ODItMS42MDYgMy41ODgtMy41ODggMy41ODhzLTMuNTg4LTEuNjA2LTMuNTg4LTMuNTg4YzAtMS45ODEgMS42MDYtMy41ODggMy41ODgtMy41ODhzMy41ODggMS42MDYgMy41ODggMy41ODh6IiBvcGFjaXR5PSIxIiB2aXNpYmlsaXR5PSJmYWxzZSIgZmlsbD0iI2Q3ZDdkNyI+PC9wYXRoPgo8L3N2Zz4K" alt="Cape Cod Kettle Cooked Potato Chips Original 40% Less Fat" skeleton-box-size="9rem" class="product-grid-image object-contain"></div></div> <div class="mobile-product-list-cell_info"><div class="product-tile_detail"><div class="skeleton-loader_wrapper cursor-pointer"><div class="product-grid-cell_price-container product-grid-cell_price-container_column product-grid-cell_price-container--mobile"><span class="product-grid-cell_main-price product-grid-cell_main-price--on-sale"><span class="sr-only">
      Sale Price
    </span>
    $4.49
  </span> <div class="product-grid-cell_was-container"><span class="product-grid-cell_regular-price product-grid-cell_regular-price--small"><span class="sr-only">
        Original Price
      </span>
      $5.29
    </span></div></div> <!----></div> <!----></div> <div class="mobile-product-list-cell_name-content"><div class="skeleton-loader_wrapper"><div class="product-grid-cell_name"><a id="product-name-107167-16761547345519495" href="#" data-opens-modal="true" aria-haspopup="dialog" class="product-grid-cell_name-text product-grid-cell_name-text--clamp-2"><!---->
    Cape Cod Kettle Cooked Potato Chips Original 40% Less Fat
  </a></div> <!----> <!----></div> <div class="skeleton-loader_wrapper"><div class="product-grid-cell_sizes"><span class="product-grid-cell_size">
    8 OZ BAG
  </span> <span aria-hidden="true">
    |
  </span> <!----> <span class="product-grid-cell_unit">
    $0.56 / OZ
  </span></div> <!----></div> <!----> <!----> <!----> <!----> <!----> <!----> <!----></div> <div class="mobile-product-list-cell_bottom"><div class="mobile-product-list-cell_bottom_cart-ui-wrapper"><!----> <!----> <div class="pdl-add-to-cart"><div class="pdl-add-to-cart_button"><button aria-label="Add to cart" data-product-id="107167" data-price="4.49" class="button button--add-to-cart add-sale">
      Add to cart
      <!----></button> <!----> <!----> <!----></div> <!----></div></div> <!----></div></div></div> <div class="product-tile_action-items"><!----> <!----> <div class="shopping-list-menu_container"><div class="relative-el"><button aria-label="add to shopping list" class="button pdl-product-detail_top-icon button--fourth pdl-product-detail_top-icon--borderless"><!----> <div class="vector-icon-size--large"><svg xmlns="http://www.w3.org/2000/svg" aria-label="Shopping List Icon Add" viewBox="0 0 32 32" role="presentation" aria-hidden="true" focusable="false" class="vector-icon-color--dark-grey"><title lang="en">Shopping List Icon Add</title><desc></desc><g fill="" stroke=""><g><path d="M21.94066,15.3368884 L21.94066,12.8931995 C21.94066,12.3409148 22.3883752,11.8931995 22.94066,11.8931995 C23.4929447,11.8931995 23.94066,12.3409148 23.94066,12.8931995 L23.94066,15.3368884 L26.2522624,15.3368884 C26.8045471,15.3368884 27.2522624,15.7846037 27.2522624,16.3368884 C27.2522624,16.8891732 26.8045471,17.3368884 26.2522624,17.3368884 L23.94066,17.3368884 L23.94066,19.8787952 C23.94066,20.43108 23.4929447,20.8787952 22.94066,20.8787952 C22.3883752,20.8787952 21.94066,20.43108 21.94066,19.8787952 L21.94066,17.3368884 L19.2666667,17.3368884 C18.7143819,17.3368884 18.2666667,16.8891732 18.2666667,16.3368884 C18.2666667,15.7846037 18.7143819,15.3368884 19.2666667,15.3368884 L21.94066,15.3368884 Z M8,12 C7.44771525,12 7,11.5522847 7,11 C7,10.4477153 7.44771525,10 8,10 L19.1153581,10 C19.6676429,10 20.1153581,10.4477153 20.1153581,11 C20.1153581,11.5522847 19.6676429,12 19.1153581,12 L8,12 Z M8,17.3368884 C7.44771525,17.3368884 7,16.8891732 7,16.3368884 C7,15.7846037 7.44771525,15.3368884 8,15.3368884 L14.7200696,15.3368884 C15.2723543,15.3368884 15.7200696,15.7846037 15.7200696,16.3368884 C15.7200696,16.8891732 15.2723543,17.3368884 14.7200696,17.3368884 L8,17.3368884 Z M8,23 C7.44771525,23 7,22.5522847 7,22 C7,21.4477153 7.44771525,21 8,21 L19.1153581,21 C19.6676429,21 20.1153581,21.4477153 20.1153581,22 C20.1153581,22.5522847 19.6676429,23 19.1153581,23 L8,23 Z" fill="#000000" fill-rule="nonzero"></path></g></g></svg></div> <div class="pdl-product-detail_list-tooltip"><p>Add item to shopping list</p> <em></em></div></button></div></div></div> <!----></li> <!----><!----> <!----> <!----> <!----> <li tabindex="-1" data-product-id="35923" class="slot mobile-product-list-cell"><!----> <!----> <!----> <!----> <div class="mobile-product-list-cell_content"><div><!----> <div class="flag_outer-container"><!----> <!----> <!----> <!----></div></div> <div class="mobile-product-list-cell_left"><div><!----> <img src="data:image/svg+xml;base64,PD94bWwgdmVyc2lvbj0iMS4wIiBlbmNvZGluZz0idXRmLTgiPz4KPCEtLSBHZW5lcmF0ZWQgYnkgSWNvTW9vbi5pbyAtLT4KPCFET0NUWVBFIHN2ZyBQVUJMSUMgIi0vL1czQy8vRFREIFNWRyAxLjEvL0VOIiAiaHR0cDovL3d3dy53My5vcmcvR3JhcGhpY3MvU1ZHLzEuMS9EVEQvc3ZnMTEuZHRkIj4KPHN2ZyB2ZXJzaW9uPSIxLjEiIHhtbG5zPSJodHRwOi8vd3d3LnczLm9yZy8yMDAwL3N2ZyIgeG1sbnM6eGxpbms9Imh0dHA6Ly93d3cudzMub3JnLzE5OTkveGxpbmsiIHdpZHRoPSI0OCIgaGVpZ2h0PSI0OCIgdmlld0JveD0iMCAwIDQ4IDQ4Ij4KPGcgaWQ9Imljb21vb24taWdub3JlIj4KCTxsaW5lIHN0cm9rZS13aWR0aD0iMSIgeDE9IiIgeTE9IiIgeDI9IiIgeTI9IiIgc3Ryb2tlPSIjNDQ5RkRCIiBvcGFjaXR5PSIiPjwvbGluZT4KPC9nPgoJPHBhdGggZD0iTTM4LjQ4IDkuMDcwYzAuMjQ4IDAgMC40NSAwLjIwMiAwLjQ1IDAuNDV2MjguOTU5YzAgMC4yNDgtMC4yMDIgMC40NS0wLjQ1IDAuNDVoLTI4Ljk1OWMtMC4yNDggMC0wLjQ1LTAuMjAyLTAuNDUtMC40NXYtMjguOTU5YzAtMC4yNDggMC4yMDItMC40NSAwLjQ1LTAuNDVoMjguOTU5ek0zOC40OCA4aC0yOC45NTljLTAuODQgMC0xLjUyIDAuNjgxLTEuNTIgMS41MjF2MjguOTU5YzAgMC44NCAwLjY4MSAxLjUyMSAxLjUyIDEuNTIxaDI4Ljk1OWMwLjg0IDAgMS41Mi0wLjY4MSAxLjUyLTEuNTIxdi0yOC45NTljMC0wLjg0LTAuNjgxLTEuNTIxLTEuNTItMS41MjF2MHoiIG9wYWNpdHk9IjEiIHZpc2liaWxpdHk9ImZhbHNlIiBmaWxsPSIjZDdkN2Q3Ij48L3BhdGg+Cgk8cGF0aCBkPSJNMTIuMjI4IDM1LjIyNHYtMy4zMjljMC0wLjE0NSAwLjA1OC0wLjI4NSAwLjE2LTAuMzg4bDUuNTg3LTUuNTg3YzAuMjE0LTAuMjE0IDAuNTYxLTAuMjE0IDAuNzc1IDBsMi4xMTkgMi4xMTljMC4yMTQgMC4yMTQgMC41NjEgMC4yMTQgMC43NzUgMGw4LjE5MS04LjE5MmMwLjIxNC0wLjIxNCAwLjU2MS0wLjIxNCAwLjc3NSAwbDUgNWMwLjEwMyAwLjEwMyAwLjE2IDAuMjQyIDAuMTYgMC4zODh2OS45ODhjMCAwLjMwMy0wLjI0NSAwLjU0OC0wLjU0OCAwLjU0OGgtMjIuNDQ3Yy0wLjMwMyAwLTAuNTQ4LTAuMjQ1LTAuNTQ4LTAuNTQ4eiIgb3BhY2l0eT0iMSIgdmlzaWJpbGl0eT0iZmFsc2UiIGZpbGw9IiNkN2Q3ZDciPjwvcGF0aD4KCTxwYXRoIGQ9Ik0yMS41NDQgMTcuOTY3YzAgMS45ODItMS42MDYgMy41ODgtMy41ODggMy41ODhzLTMuNTg4LTEuNjA2LTMuNTg4LTMuNTg4YzAtMS45ODEgMS42MDYtMy41ODggMy41ODgtMy41ODhzMy41ODggMS42MDYgMy41ODggMy41ODh6IiBvcGFjaXR5PSIxIiB2aXNpYmlsaXR5PSJmYWxzZSIgZmlsbD0iI2Q3ZDdkNyI+PC9wYXRoPgo8L3N2Zz4K" alt="Wonder Bread White Classic" skeleton-box-size="9rem" class="product-grid-image object-contain"></div></div> <div class="mobile-product-list-cell_info"><div class="product-tile_detail"><div class="skeleton-loader_wrapper cursor-pointer"><div class="product-grid-cell_price-container product-grid-cell_price-container--mobile"><span class="product-grid-cell_main-price"><!---->
    $3.49
  </span> <!----></div> <!----></div> <!----></div> <div class="mobile-product-list-cell_name-content"><div class="skeleton-loader_wrapper"><div class="product-grid-cell_name"><a id="product-name-35923-16761547345537048" href="#" data-opens-modal="true" aria-haspopup="dialog" class="product-grid-cell_name-text product-grid-cell_name-text--clamp-2"><!---->
    Wonder Bread White Classic
  </a></div> <!----> <!----></div> <div class="skeleton-loader_wrapper"><div class="product-grid-cell_sizes"><span class="product-grid-cell_size">
    20 OZ PKG
  </span> <span aria-hidden="true">
    |
  </span> <!----> <span class="product-grid-cell_unit">
    $0.17 / OZ
  </span></div> <!----></div> <!----> <!----> <!----> <!----> <!----> <!----> <!----></div> <div class="mobile-product-list-cell_bottom"><div class="mobile-product-list-cell_bottom_cart-ui-wrapper"><!----> <!----> <div class="pdl-add-to-cart"><div class="pdl-add-to-cart_button"><button aria-label="Add to cart" data-product-id="35923" data-price="3.49" class="button button--add-to-cart">
      Add to cart
      <!----></button> <!----> <!----> <!----></div> <!----></div></div> <!----></div></div></div> <div class="product-tile_action-items"><!----> <!----> <div class="shopping-list-menu_container"><div class="relative-el"><button aria-label="add to shopping list" class="button pdl-product-detail_top-icon button--fourth pdl-product-detail_top-icon--borderless"><!----> <div class="vector-icon-size--large"><svg xmlns="http://www.w3.org/2000/svg" aria-label="Shopping List Icon Add" viewBox="0 0 32 32" role="presentation" aria-hidden="true" focusable="false" class="vector-icon-color--dark-grey"><title lang="en">Shopping List Icon Add</title><desc></desc><g fill="" stroke=""><g><path d="M21.94066,15.3368884 L21.94066,12.8931995 C21.94066,12.3409148 22.3883752,11.8931995 22.94066,11.8931995 C23.4929447,11.8931995 23.94066,12.3409148 23.94066,12.8931995 L23.94066,15.3368884 L26.2522624,15.3368884 C26.8045471,15.3368884 27.2522624,15.7846037 27.2522624,16.3368884 C27.2522624,16.8891732 26.8045471,17.3368884 26.2522624,17.3368884 L23.94066,17.3368884 L23.94066,19.8787952 C23.94066,20.43108 23.4929447,20.8787952 22.94066,20.8787952 C22.3883752,20.8787952 21.94066,20.43108 21.94066,19.8787952 L21.94066,17.3368884 L19.2666667,17.3368884 C18.7143819,17.3368884 18.2666667,16.8891732 18.2666667,16.3368884 C18.2666667,15.7846037 18.7143819,15.3368884 19.2666667,15.3368884 L21.94066,15.3368884 Z M8,12 C7.44771525,12 7,11.5522847 7,11 C7,10.4477153 7.44771525,10 8,10 L19.1153581,10 C19.6676429,10 20.1153581,10.4477153 20.1153581,11 C20.1153581,11.5522847 19.6676429,12 19.1153581,12 L8,12 Z M8,17.3368884 C7.44771525,17.3368884 7,16.8891732 7,16.3368884 C7,15.7846037 7.44771525,15.3368884 8,15.3368884 L14.7200696,15.3368884 C15.2723543,15.3368884 15.7200696,15.7846037 15.7200696,16.3368884 C15.7200696,16.8891732 15.2723543,17.3368884 14.7200696,17.3368884 L8,17.3368884 Z M8,23 C7.44771525,23 7,22.5522847 7,22 C7,21.4477153 7.44771525,21 8,21 L19.1153581,21 C19.6676429,21 20.1153581,21.4477153 20.1153581,22 C20.1153581,22.5522847 19.6676429,23 19.1153581,23 L8,23 Z" fill="#000000" fill-rule="nonzero"></path></g></g></svg></div> <div class="pdl-product-detail_list-tooltip"><p>Add item to shopping list</p> <em></em></div></button></div></div></div> <!----></li> <!----><!----> <!----> <!----> <!----> <li tabindex="-1" data-product-id="276870" class="slot mobile-product-list-cell"><!----> <!----> <!----> <!----> <div class="mobile-product-list-cell_content"><div><!----> <div class="flag_outer-container"><!----> <!----> <!----> <!----></div></div> <div class="mobile-product-list-cell_left"><div><!----> <img src="data:image/svg+xml;base64,PD94bWwgdmVyc2lvbj0iMS4wIiBlbmNvZGluZz0idXRmLTgiPz4KPCEtLSBHZW5lcmF0ZWQgYnkgSWNvTW9vbi5pbyAtLT4KPCFET0NUWVBFIHN2ZyBQVUJMSUMgIi0vL1czQy8vRFREIFNWRyAxLjEvL0VOIiAiaHR0cDovL3d3dy53My5vcmcvR3JhcGhpY3MvU1ZHLzEuMS9EVEQvc3ZnMTEuZHRkIj4KPHN2ZyB2ZXJzaW9uPSIxLjEiIHhtbG5zPSJodHRwOi8vd3d3LnczLm9yZy8yMDAwL3N2ZyIgeG1sbnM6eGxpbms9Imh0dHA6Ly93d3cudzMub3JnLzE5OTkveGxpbmsiIHdpZHRoPSI0OCIgaGVpZ2h0PSI0OCIgdmlld0JveD0iMCAwIDQ4IDQ4Ij4KPGcgaWQ9Imljb21vb24taWdub3JlIj4KCTxsaW5lIHN0cm9rZS13aWR0aD0iMSIgeDE9IiIgeTE9IiIgeDI9IiIgeTI9IiIgc3Ryb2tlPSIjNDQ5RkRCIiBvcGFjaXR5PSIiPjwvbGluZT4KPC9nPgoJPHBhdGggZD0iTTM4LjQ4IDkuMDcwYzAuMjQ4IDAgMC40NSAwLjIwMiAwLjQ1IDAuNDV2MjguOTU5YzAgMC4yNDgtMC4yMDIgMC40NS0wLjQ1IDAuNDVoLTI4Ljk1OWMtMC4yNDggMC0wLjQ1LTAuMjAyLTAuNDUtMC40NXYtMjguOTU5YzAtMC4yNDggMC4yMDItMC40NSAwLjQ1LTAuNDVoMjguOTU5ek0zOC40OCA4aC0yOC45NTljLTAuODQgMC0xLjUyIDAuNjgxLTEuNTIgMS41MjF2MjguOTU5YzAgMC44NCAwLjY4MSAxLjUyMSAxLjUyIDEuNTIxaDI4Ljk1OWMwLjg0IDAgMS41Mi0wLjY4MSAxLjUyLTEuNTIxdi0yOC45NTljMC0wLjg0LTAuNjgxLTEuNTIxLTEuNTItMS41MjF2MHoiIG9wYWNpdHk9IjEiIHZpc2liaWxpdHk9ImZhbHNlIiBmaWxsPSIjZDdkN2Q3Ij48L3BhdGg+Cgk8cGF0aCBkPSJNMTIuMjI4IDM1LjIyNHYtMy4zMjljMC0wLjE0NSAwLjA1OC0wLjI4NSAwLjE2LTAuMzg4bDUuNTg3LTUuNTg3YzAuMjE0LTAuMjE0IDAuNTYxLTAuMjE0IDAuNzc1IDBsMi4xMTkgMi4xMTljMC4yMTQgMC4yMTQgMC41NjEgMC4yMTQgMC43NzUgMGw4LjE5MS04LjE5MmMwLjIxNC0wLjIxNCAwLjU2MS0wLjIxNCAwLjc3NSAwbDUgNWMwLjEwMyAwLjEwMyAwLjE2IDAuMjQyIDAuMTYgMC4zODh2OS45ODhjMCAwLjMwMy0wLjI0NSAwLjU0OC0wLjU0OCAwLjU0OGgtMjIuNDQ3Yy0wLjMwMyAwLTAuNTQ4LTAuMjQ1LTAuNTQ4LTAuNTQ4eiIgb3BhY2l0eT0iMSIgdmlzaWJpbGl0eT0iZmFsc2UiIGZpbGw9IiNkN2Q3ZDciPjwvcGF0aD4KCTxwYXRoIGQ9Ik0yMS41NDQgMTcuOTY3YzAgMS45ODItMS42MDYgMy41ODgtMy41ODggMy41ODhzLTMuNTg4LTEuNjA2LTMuNTg4LTMuNTg4YzAtMS45ODEgMS42MDYtMy41ODggMy41ODgtMy41ODhzMy41ODggMS42MDYgMy41ODggMy41ODh6IiBvcGFjaXR5PSIxIiB2aXNpYmlsaXR5PSJmYWxzZSIgZmlsbD0iI2Q3ZDdkNyI+PC9wYXRoPgo8L3N2Zz4K" alt="Wonderful Lemons Seedless" skeleton-box-size="9rem" class="product-grid-image object-contain"></div></div> <div class="mobile-product-list-cell_info"><div class="product-tile_detail"><div class="skeleton-loader_wrapper cursor-pointer"><div class="product-grid-cell_price-container product-grid-cell_price-container--mobile"><span class="product-grid-cell_main-price"><!---->
    $3.99
  </span> <!----></div> <!----></div> <!----></div> <div class="mobile-product-list-cell_name-content"><div class="skeleton-loader_wrapper"><div class="product-grid-cell_name"><a id="product-name-276870-16761547345565746" href="#" data-opens-modal="true" aria-haspopup="dialog" class="product-grid-cell_name-text product-grid-cell_name-text--clamp-2"><!---->
    Wonderful Lemons Seedless
  </a></div> <!----> <!----></div> <div class="skeleton-loader_wrapper"><div class="product-grid-cell_sizes"><span class="product-grid-cell_size">
    1 LB BAG
  </span> <span aria-hidden="true">
    |
  </span> <!----> <span class="product-grid-cell_unit">
    $0.25 / OZ
  </span></div> <!----></div> <!----> <!----> <!----> <!----> <!----> <!----> <!----></div> <div class="mobile-product-list-cell_bottom"><div class="mobile-product-list-cell_bottom_cart-ui-wrapper"><!----> <!----> <div class="pdl-add-to-cart"><div class="pdl-add-to-cart_button"><button aria-label="Add to cart" data-product-id="276870" data-price="3.99" class="button button--add-to-cart">
      Add to cart
      <!----></button> <!----> <!----> <!----></div> <!----></div></div> <!----></div></div></div> <div class="product-tile_action-items"><!----> <!----> <div class="shopping-list-menu_container"><div class="relative-el"><button aria-label="add to shopping list" class="button pdl-product-detail_top-icon button--fourth pdl-product-detail_top-icon--borderless"><!----> <div class="vector-icon-size--large"><svg xmlns="http://www.w3.org/2000/svg" aria-label="Shopping List Icon Add" viewBox="0 0 32 32" role="presentation" aria-hidden="true" focusable="false" class="vector-icon-color--dark-grey"><title lang="en">Shopping List Icon Add</title><desc></desc><g fill="" stroke=""><g><path d="M21.94066,15.3368884 L21.94066,12.8931995 C21.94066,12.3409148 22.3883752,11.8931995 22.94066,11.8931995 C23.4929447,11.8931995 23.94066,12.3409148 23.94066,12.8931995 L23.94066,15.3368884 L26.2522624,15.3368884 C26.8045471,15.3368884 27.2522624,15.7846037 27.2522624,16.3368884 C27.2522624,16.8891732 26.8045471,17.3368884 26.2522624,17.3368884 L23.94066,17.3368884 L23.94066,19.8787952 C23.94066,20.43108 23.4929447,20.8787952 22.94066,20.8787952 C22.3883752,20.8787952 21.94066,20.43108 21.94066,19.8787952 L21.94066,17.3368884 L19.2666667,17.3368884 C18.7143819,17.3368884 18.2666667,16.8891732 18.2666667,16.3368884 C18.2666667,15.7846037 18.7143819,15.3368884 19.2666667,15.3368884 L21.94066,15.3368884 Z M8,12 C7.44771525,12 7,11.5522847 7,11 C7,10.4477153 7.44771525,10 8,10 L19.1153581,10 C19.6676429,10 20.1153581,10.4477153 20.1153581,11 C20.1153581,11.5522847 19.6676429,12 19.1153581,12 L8,12 Z M8,17.3368884 C7.44771525,17.3368884 7,16.8891732 7,16.3368884 C7,15.7846037 7.44771525,15.3368884 8,15.3368884 L14.7200696,15.3368884 C15.2723543,15.3368884 15.7200696,15.7846037 15.7200696,16.3368884 C15.7200696,16.8891732 15.2723543,17.3368884 14.7200696,17.3368884 L8,17.3368884 Z M8,23 C7.44771525,23 7,22.5522847 7,22 C7,21.4477153 7.44771525,21 8,21 L19.1153581,21 C19.6676429,21 20.1153581,21.4477153 20.1153581,22 C20.1153581,22.5522847 19.6676429,23 19.1153581,23 L8,23 Z" fill="#000000" fill-rule="nonzero"></path></g></g></svg></div> <div class="pdl-product-detail_list-tooltip"><p>Add item to shopping list</p> <em></em></div></button></div></div></div> <!----></li> <!----><!----> <li class="flex justify-center py-16 px-4 w-full interwoven-track-log flex-wrap gap-16"><div class="relative flex justify-center spyglass-nav-group_wrapper"><!----> <div aria-label="Flavor your food" tabindex="0" role="link" class="relative cursor-pointer my-0 mx-10 w-[27rem] h-[22rem]"><div class="rounded-xl border border-solid border-gray-100"><div class="h-56 w-full relative overflow-hidden"><!----> <img src="https://i5.peapod.com/c/43/43J48.jpg" class="rounded-t-xl"></div> <div class="flex justify-between py-6 px-4 h-28 items-center"><div><span class="font-semibold">Flavor your food</span> <p class="text-gray-600 text-sm">W/ citrus this season.</p></div> <div><div class="vector-icon-size--arrow pt-3"><svg xmlns="http://www.w3.org/2000/svg" aria-label="Arrow Icon" viewBox="0 0 32 32" role="presentation" aria-hidden="true" focusable="false" class="vector-icon-color--prime"><title lang="en">Arrow Icon</title><desc></desc><g fill="" stroke=""><path d="M0.626 31.374c0.833 0.833 2.188 0.833 3.021 0l13.858-13.858c0.419-0.419 0.628-0.97 0.624-1.517 0-0.551-0.205-1.098-0.624-1.517l-13.858-13.856c-0.833-0.833-2.188-0.833-3.021 0s-0.833 2.188 0 3.021l12.354 12.354-12.354 12.354c-0.833 0.833-0.833 2.188 0 3.019z"></path></g></svg></div></div></div></div></div> <!----> <!----> <!----> <!----></div></li> <!----> <!----> <!----> <!----><!----> <!----> <!----> <!----> <li tabindex="-1" data-product-id="157911" class="slot mobile-product-list-cell"><!----> <!----> <!----> <!----> <div class="mobile-product-list-cell_content"><div><!----> <div class="flag_outer-container"><!----> <!----> <!----> <!----></div></div> <div class="mobile-product-list-cell_left"><div><!----> <img src="data:image/svg+xml;base64,PD94bWwgdmVyc2lvbj0iMS4wIiBlbmNvZGluZz0idXRmLTgiPz4KPCEtLSBHZW5lcmF0ZWQgYnkgSWNvTW9vbi5pbyAtLT4KPCFET0NUWVBFIHN2ZyBQVUJMSUMgIi0vL1czQy8vRFREIFNWRyAxLjEvL0VOIiAiaHR0cDovL3d3dy53My5vcmcvR3JhcGhpY3MvU1ZHLzEuMS9EVEQvc3ZnMTEuZHRkIj4KPHN2ZyB2ZXJzaW9uPSIxLjEiIHhtbG5zPSJodHRwOi8vd3d3LnczLm9yZy8yMDAwL3N2ZyIgeG1sbnM6eGxpbms9Imh0dHA6Ly93d3cudzMub3JnLzE5OTkveGxpbmsiIHdpZHRoPSI0OCIgaGVpZ2h0PSI0OCIgdmlld0JveD0iMCAwIDQ4IDQ4Ij4KPGcgaWQ9Imljb21vb24taWdub3JlIj4KCTxsaW5lIHN0cm9rZS13aWR0aD0iMSIgeDE9IiIgeTE9IiIgeDI9IiIgeTI9IiIgc3Ryb2tlPSIjNDQ5RkRCIiBvcGFjaXR5PSIiPjwvbGluZT4KPC9nPgoJPHBhdGggZD0iTTM4LjQ4IDkuMDcwYzAuMjQ4IDAgMC40NSAwLjIwMiAwLjQ1IDAuNDV2MjguOTU5YzAgMC4yNDgtMC4yMDIgMC40NS0wLjQ1IDAuNDVoLTI4Ljk1OWMtMC4yNDggMC0wLjQ1LTAuMjAyLTAuNDUtMC40NXYtMjguOTU5YzAtMC4yNDggMC4yMDItMC40NSAwLjQ1LTAuNDVoMjguOTU5ek0zOC40OCA4aC0yOC45NTljLTAuODQgMC0xLjUyIDAuNjgxLTEuNTIgMS41MjF2MjguOTU5YzAgMC44NCAwLjY4MSAxLjUyMSAxLjUyIDEuNTIxaDI4Ljk1OWMwLjg0IDAgMS41Mi0wLjY4MSAxLjUyLTEuNTIxdi0yOC45NTljMC0wLjg0LTAuNjgxLTEuNTIxLTEuNTItMS41MjF2MHoiIG9wYWNpdHk9IjEiIHZpc2liaWxpdHk9ImZhbHNlIiBmaWxsPSIjZDdkN2Q3Ij48L3BhdGg+Cgk8cGF0aCBkPSJNMTIuMjI4IDM1LjIyNHYtMy4zMjljMC0wLjE0NSAwLjA1OC0wLjI4NSAwLjE2LTAuMzg4bDUuNTg3LTUuNTg3YzAuMjE0LTAuMjE0IDAuNTYxLTAuMjE0IDAuNzc1IDBsMi4xMTkgMi4xMTljMC4yMTQgMC4yMTQgMC41NjEgMC4yMTQgMC43NzUgMGw4LjE5MS04LjE5MmMwLjIxNC0wLjIxNCAwLjU2MS0wLjIxNCAwLjc3NSAwbDUgNWMwLjEwMyAwLjEwMyAwLjE2IDAuMjQyIDAuMTYgMC4zODh2OS45ODhjMCAwLjMwMy0wLjI0NSAwLjU0OC0wLjU0OCAwLjU0OGgtMjIuNDQ3Yy0wLjMwMyAwLTAuNTQ4LTAuMjQ1LTAuNTQ4LTAuNTQ4eiIgb3BhY2l0eT0iMSIgdmlzaWJpbGl0eT0iZmFsc2UiIGZpbGw9IiNkN2Q3ZDciPjwvcGF0aD4KCTxwYXRoIGQ9Ik0yMS41NDQgMTcuOTY3YzAgMS45ODItMS42MDYgMy41ODgtMy41ODggMy41ODhzLTMuNTg4LTEuNjA2LTMuNTg4LTMuNTg4YzAtMS45ODEgMS42MDYtMy41ODggMy41ODgtMy41ODhzMy41ODggMS42MDYgMy41ODggMy41ODh6IiBvcGFjaXR5PSIxIiB2aXNpYmlsaXR5PSJmYWxzZSIgZmlsbD0iI2Q3ZDdkNyI+PC9wYXRoPgo8L3N2Zz4K" alt="Pure Life Purified Water - 28 pk" skeleton-box-size="9rem" class="product-grid-image object-contain"></div></div> <div class="mobile-product-list-cell_info"><div class="product-tile_detail"><div class="skeleton-loader_wrapper cursor-pointer"><div class="product-grid-cell_price-container product-grid-cell_price-container--mobile"><span class="product-grid-cell_main-price"><!---->
    $6.49
  </span> <!----></div> <!----></div> <!----></div> <div class="mobile-product-list-cell_name-content"><div class="skeleton-loader_wrapper"><div class="product-grid-cell_name"><a id="product-name-157911-16760862937700413" href="#" data-opens-modal="true" aria-haspopup="dialog" class="product-grid-cell_name-text product-grid-cell_name-text--clamp-2"><!---->
    Pure Life Purified Water - 28 pk
  </a></div> <!----> <!----></div> <div class="skeleton-loader_wrapper"><div class="product-grid-cell_sizes"><span class="product-grid-cell_size">
    16.9 OZ BTL
  </span> <span aria-hidden="true">
    |
  </span> <!----> <span class="product-grid-cell_unit">
    $0.01 / OZ
  </span></div> <!----></div> <!----> <!----> <!----> <!----> <!----> <!----> <!----></div> <div class="mobile-product-list-cell_bottom"><div class="mobile-product-list-cell_bottom_cart-ui-wrapper"><!----> <!----> <div class="pdl-add-to-cart"><div class="pdl-add-to-cart_button"><button aria-label="Add to cart" data-product-id="157911" data-price="6.49" class="button button--add-to-cart">
      Add to cart
      <!----></button> <!----> <!----> <!----></div> <!----></div></div> <!----></div></div></div> <div class="product-tile_action-items"><!----> <!----> <div class="shopping-list-menu_container"><div class="relative-el"><button aria-label="add to shopping list" class="button pdl-product-detail_top-icon button--fourth pdl-product-detail_top-icon--borderless"><!----> <div class="vector-icon-size--large"><svg xmlns="http://www.w3.org/2000/svg" aria-label="Shopping List Icon Add" viewBox="0 0 32 32" role="presentation" aria-hidden="true" focusable="false" class="vector-icon-color--dark-grey"><title lang="en">Shopping List Icon Add</title><desc></desc><g fill="" stroke=""><g><path d="M21.94066,15.3368884 L21.94066,12.8931995 C21.94066,12.3409148 22.3883752,11.8931995 22.94066,11.8931995 C23.4929447,11.8931995 23.94066,12.3409148 23.94066,12.8931995 L23.94066,15.3368884 L26.2522624,15.3368884 C26.8045471,15.3368884 27.2522624,15.7846037 27.2522624,16.3368884 C27.2522624,16.8891732 26.8045471,17.3368884 26.2522624,17.3368884 L23.94066,17.3368884 L23.94066,19.8787952 C23.94066,20.43108 23.4929447,20.8787952 22.94066,20.8787952 C22.3883752,20.8787952 21.94066,20.43108 21.94066,19.8787952 L21.94066,17.3368884 L19.2666667,17.3368884 C18.7143819,17.3368884 18.2666667,16.8891732 18.2666667,16.3368884 C18.2666667,15.7846037 18.7143819,15.3368884 19.2666667,15.3368884 L21.94066,15.3368884 Z M8,12 C7.44771525,12 7,11.5522847 7,11 C7,10.4477153 7.44771525,10 8,10 L19.1153581,10 C19.6676429,10 20.1153581,10.4477153 20.1153581,11 C20.1153581,11.5522847 19.6676429,12 19.1153581,12 L8,12 Z M8,17.3368884 C7.44771525,17.3368884 7,16.8891732 7,16.3368884 C7,15.7846037 7.44771525,15.3368884 8,15.3368884 L14.7200696,15.3368884 C15.2723543,15.3368884 15.7200696,15.7846037 15.7200696,16.3368884 C15.7200696,16.8891732 15.2723543,17.3368884 14.7200696,17.3368884 L8,17.3368884 Z M8,23 C7.44771525,23 7,22.5522847 7,22 C7,21.4477153 7.44771525,21 8,21 L19.1153581,21 C19.6676429,21 20.1153581,21.4477153 20.1153581,22 C20.1153581,22.5522847 19.6676429,23 19.1153581,23 L8,23 Z" fill="#000000" fill-rule="nonzero"></path></g></g></svg></div> <div class="pdl-product-detail_list-tooltip"><p>Add item to shopping list</p> <em></em></div></button></div></div></div> <!----></li> <!----><!----> <!----> <!----> <!----> <li tabindex="-1" data-product-id="18612" class="slot mobile-product-list-cell"><!----> <!----> <!----> <!----> <div class="mobile-product-list-cell_content"><div><!----> <div class="flag_outer-container"><div class=""><svg xmlns="http://www.w3.org/2000/svg" aria-label="Sale" viewBox="0 0 32 32" role="presentation" aria-hidden="true" focusable="false" class="w-20 ml-3"><title lang="en">Sale</title><desc></desc><g fill="" stroke=""><g><path d="M16.56 19.87a3.81 3.81 0 0 1-1-.13l-13.39-3.5a1.5 1.5 0 0 1-1.12-1.34l-.81-11a1.52 1.52 0 0 1 1.39-1.61l27.69-2h.11a1.51 1.51 0 0 1 1.5 1.4l.82 11a1.52 1.52 0 0 1-.91 1.5l-12.72 5.36a3.79 3.79 0 0 1-1.56.32Z" fill="#ed1256"></path><path fill="#fff" d="M29.43.48a1.26 1.26 0 0 1 1.26 1.17l.82 11a1.27 1.27 0 0 1-.76 1.26L18 19.34a3.72 3.72 0 0 1-1.47.3 3.79 3.79 0 0 1-.94-.12L2.24 16a1.27 1.27 0 0 1-1-1.13l-.81-11a1.26 1.26 0 0 1 1.22-1.33L29.34.48h.09m0-.48h-.13L1.62 2A1.76 1.76 0 0 0 0 3.92l.82 11a1.73 1.73 0 0 0 1.3 1.55L15.5 20a4.3 4.3 0 0 0 1.07.14 4.24 4.24 0 0 0 1.65-.34l12.72-5.44A1.76 1.76 0 0 0 32 12.59l-.82-11A1.76 1.76 0 0 0 29.43 0Z"></path><path fill="#fff" d="M3.74 9.87a3 3 0 0 0 .82.55 2.21 2.21 0 0 0 1.08.19 1.6 1.6 0 0 0 .29 0 1 1 0 0 0 .26-.12.58.58 0 0 0 .18-.2.62.62 0 0 0 0-.31.59.59 0 0 0-.32-.49 3.38 3.38 0 0 0-.85-.34L4.84 9a4.19 4.19 0 0 1-.69-.26 2.44 2.44 0 0 1-.63-.41 1.92 1.92 0 0 1-.7-1.42 2.68 2.68 0 0 1 .1-1A2.2 2.2 0 0 1 3.39 5a2.42 2.42 0 0 1 .82-.6 3.15 3.15 0 0 1 1.17-.28 3.68 3.68 0 0 1 1.72.24 3 3 0 0 1 .57.29A2.66 2.66 0 0 1 8 5l-.82 1.37a4.42 4.42 0 0 0-.82-.45 2 2 0 0 0-.85-.13 1.4 1.4 0 0 0-.28.06A.9.9 0 0 0 5 6a.62.62 0 0 0-.16.2.5.5 0 0 0 0 .28.6.6 0 0 0 .1.31.68.68 0 0 0 .24.2 1.27 1.27 0 0 0 .35.15l.43.13.35.09a7.49 7.49 0 0 1 .69.22 2.2 2.2 0 0 1 .72.42 2.46 2.46 0 0 1 .54.68 2.31 2.31 0 0 1 .27 1 2.15 2.15 0 0 1-.15 1 2.53 2.53 0 0 1-.56.84 2.77 2.77 0 0 1-.88.59 4 4 0 0 1-1.11.27A4.67 4.67 0 0 1 4 12.25a3.79 3.79 0 0 1-1.28-.75ZM11.29 3.89l2.17-.16 3.1 7.7-2 .15L14 10l-2.39.18-.35 1.67-2 .14Zm2.15 4.6-1-2.84-.61 2.95ZM17 3.47l1.89-.14.44 6 3.3-.25.16 1.92-5.19.39ZM23.36 3l5.13-.38.13 1.8-3.24.24.09 1.22 2.66-.2.12 1.7-2.65.2.09 1.35 3.46-.26.13 1.81-5.34.4Z"></path></g></g></svg></div> <!----> <!----> <!----></div></div> <div class="mobile-product-list-cell_left"><div><!----> <img src="data:image/svg+xml;base64,PD94bWwgdmVyc2lvbj0iMS4wIiBlbmNvZGluZz0idXRmLTgiPz4KPCEtLSBHZW5lcmF0ZWQgYnkgSWNvTW9vbi5pbyAtLT4KPCFET0NUWVBFIHN2ZyBQVUJMSUMgIi0vL1czQy8vRFREIFNWRyAxLjEvL0VOIiAiaHR0cDovL3d3dy53My5vcmcvR3JhcGhpY3MvU1ZHLzEuMS9EVEQvc3ZnMTEuZHRkIj4KPHN2ZyB2ZXJzaW9uPSIxLjEiIHhtbG5zPSJodHRwOi8vd3d3LnczLm9yZy8yMDAwL3N2ZyIgeG1sbnM6eGxpbms9Imh0dHA6Ly93d3cudzMub3JnLzE5OTkveGxpbmsiIHdpZHRoPSI0OCIgaGVpZ2h0PSI0OCIgdmlld0JveD0iMCAwIDQ4IDQ4Ij4KPGcgaWQ9Imljb21vb24taWdub3JlIj4KCTxsaW5lIHN0cm9rZS13aWR0aD0iMSIgeDE9IiIgeTE9IiIgeDI9IiIgeTI9IiIgc3Ryb2tlPSIjNDQ5RkRCIiBvcGFjaXR5PSIiPjwvbGluZT4KPC9nPgoJPHBhdGggZD0iTTM4LjQ4IDkuMDcwYzAuMjQ4IDAgMC40NSAwLjIwMiAwLjQ1IDAuNDV2MjguOTU5YzAgMC4yNDgtMC4yMDIgMC40NS0wLjQ1IDAuNDVoLTI4Ljk1OWMtMC4yNDggMC0wLjQ1LTAuMjAyLTAuNDUtMC40NXYtMjguOTU5YzAtMC4yNDggMC4yMDItMC40NSAwLjQ1LTAuNDVoMjguOTU5ek0zOC40OCA4aC0yOC45NTljLTAuODQgMC0xLjUyIDAuNjgxLTEuNTIgMS41MjF2MjguOTU5YzAgMC44NCAwLjY4MSAxLjUyMSAxLjUyIDEuNTIxaDI4Ljk1OWMwLjg0IDAgMS41Mi0wLjY4MSAxLjUyLTEuNTIxdi0yOC45NTljMC0wLjg0LTAuNjgxLTEuNTIxLTEuNTItMS41MjF2MHoiIG9wYWNpdHk9IjEiIHZpc2liaWxpdHk9ImZhbHNlIiBmaWxsPSIjZDdkN2Q3Ij48L3BhdGg+Cgk8cGF0aCBkPSJNMTIuMjI4IDM1LjIyNHYtMy4zMjljMC0wLjE0NSAwLjA1OC0wLjI4NSAwLjE2LTAuMzg4bDUuNTg3LTUuNTg3YzAuMjE0LTAuMjE0IDAuNTYxLTAuMjE0IDAuNzc1IDBsMi4xMTkgMi4xMTljMC4yMTQgMC4yMTQgMC41NjEgMC4yMTQgMC43NzUgMGw4LjE5MS04LjE5MmMwLjIxNC0wLjIxNCAwLjU2MS0wLjIxNCAwLjc3NSAwbDUgNWMwLjEwMyAwLjEwMyAwLjE2IDAuMjQyIDAuMTYgMC4zODh2OS45ODhjMCAwLjMwMy0wLjI0NSAwLjU0OC0wLjU0OCAwLjU0OGgtMjIuNDQ3Yy0wLjMwMyAwLTAuNTQ4LTAuMjQ1LTAuNTQ4LTAuNTQ4eiIgb3BhY2l0eT0iMSIgdmlzaWJpbGl0eT0iZmFsc2UiIGZpbGw9IiNkN2Q3ZDciPjwvcGF0aD4KCTxwYXRoIGQ9Ik0yMS41NDQgMTcuOTY3YzAgMS45ODItMS42MDYgMy41ODgtMy41ODggMy41ODhzLTMuNTg4LTEuNjA2LTMuNTg4LTMuNTg4YzAtMS45ODEgMS42MDYtMy41ODggMy41ODgtMy41ODhzMy41ODggMS42MDYgMy41ODggMy41ODh6IiBvcGFjaXR5PSIxIiB2aXNpYmlsaXR5PSJmYWxzZSIgZmlsbD0iI2Q3ZDdkNyI+PC9wYXRoPgo8L3N2Zz4K" alt="Tostitos Tortilla Chips Original Restaurant Style" skeleton-box-size="9rem" class="product-grid-image object-contain"></div></div> <div class="mobile-product-list-cell_info"><div class="product-tile_detail"><div class="skeleton-loader_wrapper cursor-pointer"><div class="product-grid-cell_price-container product-grid-cell_price-container_column product-grid-cell_price-container--mobile"><span class="product-grid-cell_main-price product-grid-cell_main-price--on-sale"><span class="sr-only">
      Sale Price
    </span>
    $5.00
  </span> <div class="product-grid-cell_was-container"><span class="product-grid-cell_regular-price product-grid-cell_regular-price--small"><span class="sr-only">
        Original Price
      </span>
      $5.59
    </span></div></div> <!----></div> <!----></div> <div class="mobile-product-list-cell_name-content"><div class="skeleton-loader_wrapper"><div class="product-grid-cell_name"><a id="product-name-18612-16760862937771045" href="#" data-opens-modal="true" aria-haspopup="dialog" class="product-grid-cell_name-text product-grid-cell_name-text--clamp-2"><!---->
    Tostitos Tortilla Chips Original Restaurant Style
  </a></div> <!----> <!----></div> <div class="skeleton-loader_wrapper"><div class="product-grid-cell_sizes"><span class="product-grid-cell_size">
    12 OZ BAG
  </span> <span aria-hidden="true">
    |
  </span> <!----> <span class="product-grid-cell_unit">
    $0.42 / OZ
  </span></div> <!----></div> <!----> <div id="coupon-link-18612-16760862937771045" tabindex="0" role="link" aria-label="Open coupon details" data-opens-modal="true" class="product-tile_coupon-offer product-tile_coupon-offer-clippable product-tile_coupon-offer--mobile" is-mobile="true"><div class="product-tile_coupon-offer-display"><div class="vector-icon-size--xsmall margin-right--half"><svg xmlns="http://www.w3.org/2000/svg" aria-label="PdlIconCouponScissor" viewBox="0 0 19 20" role="presentation" aria-hidden="true" focusable="false" class="vector-icon-stroke--coupon"><title lang="en">PdlIconCouponScissor</title><desc></desc><g fill="" stroke=""><path d="M9.622 9.622 6.444 6.444a3.19 3.19 0 1 1-4.51-4.51 3.19 3.19 0 0 1 4.51 4.51l3.178 3.178 7.688-7.688-7.688 7.688Zm0 0 7.688 7.688-7.688-7.688L6.444 12.8l3.178-3.178ZM1.934 12.8a3.19 3.19 0 1 1 4.51 4.51 3.19 3.19 0 0 1-4.51-4.51Z" stroke="#007DA3" stroke-width="2" fill="none" fill-rule="evenodd" stroke-linecap="round" stroke-linejoin="round"></path></g></svg></div> <div class="vector-icon_mobile-center"><!----></div> <div class="product-tile_coupon-offer-name flex-center product-tile_coupon-offer-name--full-tile"><!---->
      $3.50 EACH
    </div></div> <!----> <div class="product-tile_coupon-offer-loading-coupon"><!----></div></div> <!----> <!----> <!----> <!----> <!----></div> <div class="mobile-product-list-cell_bottom"><div class="mobile-product-list-cell_bottom_cart-ui-wrapper"><!----> <!----> <div class="pdl-add-to-cart pdl-add-to-cart_coupon"><div class="pdl-add-to-cart_button"><button aria-label="Add to cart" data-product-id="18612" data-price="5" class="button button--add-to-cart add-sale">
      Add to cart
      <!----></button> <!----> <!----> <!----></div> <!----></div></div> <!----></div></div></div> <div class="product-tile_action-items"><!----> <!----> <div class="shopping-list-menu_container"><div class="relative-el"><button aria-label="add to shopping list" class="button pdl-product-detail_top-icon button--fourth pdl-product-detail_top-icon--borderless"><!----> <div class="vector-icon-size--large"><svg xmlns="http://www.w3.org/2000/svg" aria-label="Shopping List Icon Add" viewBox="0 0 32 32" role="presentation" aria-hidden="true" focusable="false" class="vector-icon-color--dark-grey"><title lang="en">Shopping List Icon Add</title><desc></desc><g fill="" stroke=""><g><path d="M21.94066,15.3368884 L21.94066,12.8931995 C21.94066,12.3409148 22.3883752,11.8931995 22.94066,11.8931995 C23.4929447,11.8931995 23.94066,12.3409148 23.94066,12.8931995 L23.94066,15.3368884 L26.2522624,15.3368884 C26.8045471,15.3368884 27.2522624,15.7846037 27.2522624,16.3368884 C27.2522624,16.8891732 26.8045471,17.3368884 26.2522624,17.3368884 L23.94066,17.3368884 L23.94066,19.8787952 C23.94066,20.43108 23.4929447,20.8787952 22.94066,20.8787952 C22.3883752,20.8787952 21.94066,20.43108 21.94066,19.8787952 L21.94066,17.3368884 L19.2666667,17.3368884 C18.7143819,17.3368884 18.2666667,16.8891732 18.2666667,16.3368884 C18.2666667,15.7846037 18.7143819,15.3368884 19.2666667,15.3368884 L21.94066,15.3368884 Z M8,12 C7.44771525,12 7,11.5522847 7,11 C7,10.4477153 7.44771525,10 8,10 L19.1153581,10 C19.6676429,10 20.1153581,10.4477153 20.1153581,11 C20.1153581,11.5522847 19.6676429,12 19.1153581,12 L8,12 Z M8,17.3368884 C7.44771525,17.3368884 7,16.8891732 7,16.3368884 C7,15.7846037 7.44771525,15.3368884 8,15.3368884 L14.7200696,15.3368884 C15.2723543,15.3368884 15.7200696,15.7846037 15.7200696,16.3368884 C15.7200696,16.8891732 15.2723543,17.3368884 14.7200696,17.3368884 L8,17.3368884 Z M8,23 C7.44771525,23 7,22.5522847 7,22 C7,21.4477153 7.44771525,21 8,21 L19.1153581,21 C19.6676429,21 20.1153581,21.4477153 20.1153581,22 C20.1153581,22.5522847 19.6676429,23 19.1153581,23 L8,23 Z" fill="#000000" fill-rule="nonzero"></path></g></g></svg></div> <div class="pdl-product-detail_list-tooltip"><p>Add item to shopping list</p> <em></em></div></button></div></div></div> <!----></li> <!----><!----> <!----> <!----> <!----> <li tabindex="-1" data-product-id="212387" class="slot mobile-product-list-cell"><!----> <!----> <!----> <!----> <div class="mobile-product-list-cell_content"><div><!----> <div class="flag_outer-container"><div class=""><svg xmlns="http://www.w3.org/2000/svg" aria-label="Sale" viewBox="0 0 32 32" role="presentation" aria-hidden="true" focusable="false" class="w-20 ml-3"><title lang="en">Sale</title><desc></desc><g fill="" stroke=""><g><path d="M16.56 19.87a3.81 3.81 0 0 1-1-.13l-13.39-3.5a1.5 1.5 0 0 1-1.12-1.34l-.81-11a1.52 1.52 0 0 1 1.39-1.61l27.69-2h.11a1.51 1.51 0 0 1 1.5 1.4l.82 11a1.52 1.52 0 0 1-.91 1.5l-12.72 5.36a3.79 3.79 0 0 1-1.56.32Z" fill="#ed1256"></path><path fill="#fff" d="M29.43.48a1.26 1.26 0 0 1 1.26 1.17l.82 11a1.27 1.27 0 0 1-.76 1.26L18 19.34a3.72 3.72 0 0 1-1.47.3 3.79 3.79 0 0 1-.94-.12L2.24 16a1.27 1.27 0 0 1-1-1.13l-.81-11a1.26 1.26 0 0 1 1.22-1.33L29.34.48h.09m0-.48h-.13L1.62 2A1.76 1.76 0 0 0 0 3.92l.82 11a1.73 1.73 0 0 0 1.3 1.55L15.5 20a4.3 4.3 0 0 0 1.07.14 4.24 4.24 0 0 0 1.65-.34l12.72-5.44A1.76 1.76 0 0 0 32 12.59l-.82-11A1.76 1.76 0 0 0 29.43 0Z"></path><path fill="#fff" d="M3.74 9.87a3 3 0 0 0 .82.55 2.21 2.21 0 0 0 1.08.19 1.6 1.6 0 0 0 .29 0 1 1 0 0 0 .26-.12.58.58 0 0 0 .18-.2.62.62 0 0 0 0-.31.59.59 0 0 0-.32-.49 3.38 3.38 0 0 0-.85-.34L4.84 9a4.19 4.19 0 0 1-.69-.26 2.44 2.44 0 0 1-.63-.41 1.92 1.92 0 0 1-.7-1.42 2.68 2.68 0 0 1 .1-1A2.2 2.2 0 0 1 3.39 5a2.42 2.42 0 0 1 .82-.6 3.15 3.15 0 0 1 1.17-.28 3.68 3.68 0 0 1 1.72.24 3 3 0 0 1 .57.29A2.66 2.66 0 0 1 8 5l-.82 1.37a4.42 4.42 0 0 0-.82-.45 2 2 0 0 0-.85-.13 1.4 1.4 0 0 0-.28.06A.9.9 0 0 0 5 6a.62.62 0 0 0-.16.2.5.5 0 0 0 0 .28.6.6 0 0 0 .1.31.68.68 0 0 0 .24.2 1.27 1.27 0 0 0 .35.15l.43.13.35.09a7.49 7.49 0 0 1 .69.22 2.2 2.2 0 0 1 .72.42 2.46 2.46 0 0 1 .54.68 2.31 2.31 0 0 1 .27 1 2.15 2.15 0 0 1-.15 1 2.53 2.53 0 0 1-.56.84 2.77 2.77 0 0 1-.88.59 4 4 0 0 1-1.11.27A4.67 4.67 0 0 1 4 12.25a3.79 3.79 0 0 1-1.28-.75ZM11.29 3.89l2.17-.16 3.1 7.7-2 .15L14 10l-2.39.18-.35 1.67-2 .14Zm2.15 4.6-1-2.84-.61 2.95ZM17 3.47l1.89-.14.44 6 3.3-.25.16 1.92-5.19.39ZM23.36 3l5.13-.38.13 1.8-3.24.24.09 1.22 2.66-.2.12 1.7-2.65.2.09 1.35 3.46-.26.13 1.81-5.34.4Z"></path></g></g></svg></div> <!----> <!----> <!----></div></div> <div class="mobile-product-list-cell_left"><div><!----> <img src="data:image/svg+xml;base64,PD94bWwgdmVyc2lvbj0iMS4wIiBlbmNvZGluZz0idXRmLTgiPz4KPCEtLSBHZW5lcmF0ZWQgYnkgSWNvTW9vbi5pbyAtLT4KPCFET0NUWVBFIHN2ZyBQVUJMSUMgIi0vL1czQy8vRFREIFNWRyAxLjEvL0VOIiAiaHR0cDovL3d3dy53My5vcmcvR3JhcGhpY3MvU1ZHLzEuMS9EVEQvc3ZnMTEuZHRkIj4KPHN2ZyB2ZXJzaW9uPSIxLjEiIHhtbG5zPSJodHRwOi8vd3d3LnczLm9yZy8yMDAwL3N2ZyIgeG1sbnM6eGxpbms9Imh0dHA6Ly93d3cudzMub3JnLzE5OTkveGxpbmsiIHdpZHRoPSI0OCIgaGVpZ2h0PSI0OCIgdmlld0JveD0iMCAwIDQ4IDQ4Ij4KPGcgaWQ9Imljb21vb24taWdub3JlIj4KCTxsaW5lIHN0cm9rZS13aWR0aD0iMSIgeDE9IiIgeTE9IiIgeDI9IiIgeTI9IiIgc3Ryb2tlPSIjNDQ5RkRCIiBvcGFjaXR5PSIiPjwvbGluZT4KPC9nPgoJPHBhdGggZD0iTTM4LjQ4IDkuMDcwYzAuMjQ4IDAgMC40NSAwLjIwMiAwLjQ1IDAuNDV2MjguOTU5YzAgMC4yNDgtMC4yMDIgMC40NS0wLjQ1IDAuNDVoLTI4Ljk1OWMtMC4yNDggMC0wLjQ1LTAuMjAyLTAuNDUtMC40NXYtMjguOTU5YzAtMC4yNDggMC4yMDItMC40NSAwLjQ1LTAuNDVoMjguOTU5ek0zOC40OCA4aC0yOC45NTljLTAuODQgMC0xLjUyIDAuNjgxLTEuNTIgMS41MjF2MjguOTU5YzAgMC44NCAwLjY4MSAxLjUyMSAxLjUyIDEuNTIxaDI4Ljk1OWMwLjg0IDAgMS41Mi0wLjY4MSAxLjUyLTEuNTIxdi0yOC45NTljMC0wLjg0LTAuNjgxLTEuNTIxLTEuNTItMS41MjF2MHoiIG9wYWNpdHk9IjEiIHZpc2liaWxpdHk9ImZhbHNlIiBmaWxsPSIjZDdkN2Q3Ij48L3BhdGg+Cgk8cGF0aCBkPSJNMTIuMjI4IDM1LjIyNHYtMy4zMjljMC0wLjE0NSAwLjA1OC0wLjI4NSAwLjE2LTAuMzg4bDUuNTg3LTUuNTg3YzAuMjE0LTAuMjE0IDAuNTYxLTAuMjE0IDAuNzc1IDBsMi4xMTkgMi4xMTljMC4yMTQgMC4yMTQgMC41NjEgMC4yMTQgMC43NzUgMGw4LjE5MS04LjE5MmMwLjIxNC0wLjIxNCAwLjU2MS0wLjIxNCAwLjc3NSAwbDUgNWMwLjEwMyAwLjEwMyAwLjE2IDAuMjQyIDAuMTYgMC4zODh2OS45ODhjMCAwLjMwMy0wLjI0NSAwLjU0OC0wLjU0OCAwLjU0OGgtMjIuNDQ3Yy0wLjMwMyAwLTAuNTQ4LTAuMjQ1LTAuNTQ4LTAuNTQ4eiIgb3BhY2l0eT0iMSIgdmlzaWJpbGl0eT0iZmFsc2UiIGZpbGw9IiNkN2Q3ZDciPjwvcGF0aD4KCTxwYXRoIGQ9Ik0yMS41NDQgMTcuOTY3YzAgMS45ODItMS42MDYgMy41ODgtMy41ODggMy41ODhzLTMuNTg4LTEuNjA2LTMuNTg4LTMuNTg4YzAtMS45ODEgMS42MDYtMy41ODggMy41ODgtMy41ODhzMy41ODggMS42MDYgMy41ODggMy41ODh6IiBvcGFjaXR5PSIxIiB2aXNpYmlsaXR5PSJmYWxzZSIgZmlsbD0iI2Q3ZDdkNyI+PC9wYXRoPgo8L3N2Zz4K" alt="Nature's Promise Organic Baby Arugula Salad" skeleton-box-size="9rem" class="product-grid-image object-contain"></div></div> <div class="mobile-product-list-cell_info"><div class="product-tile_detail"><div class="skeleton-loader_wrapper cursor-pointer"><div class="product-grid-cell_price-container product-grid-cell_price-container_column product-grid-cell_price-container--mobile"><span class="product-grid-cell_main-price product-grid-cell_main-price--on-sale"><span class="sr-only">
      Sale Price
    </span>
    $2.99
  </span> <div class="product-grid-cell_was-container"><span class="product-grid-cell_regular-price product-grid-cell_regular-price--small"><span class="sr-only">
        Original Price
      </span>
      $3.99
    </span></div></div> <!----></div> <!----></div> <div class="mobile-product-list-cell_name-content"><div class="skeleton-loader_wrapper"><div class="product-grid-cell_name"><a id="product-name-212387-16760862937807033" href="#" data-opens-modal="true" aria-haspopup="dialog" class="product-grid-cell_name-text product-grid-cell_name-text--clamp-2"><span class="vector-icon_inline-text--left mr-0"><div class="vector-icon-size--xsmall"><svg xmlns="http://www.w3.org/2000/svg" aria-label="Ahold Icon" viewBox="0 0 1024 945" role="presentation" aria-hidden="true" focusable="false" class=""><title lang="en">Ahold Icon</title><desc></desc><g fill="" stroke=""><g><path d="M1.893 730.617c-1.289-2.094-2.052-4.631-2.052-7.346 0-.747.058-1.481.169-2.197.158-12.396 10.227-22.466 22.687-22.634h895.306c12.476.168 22.545 10.237 22.713 22.698-.521 3.721-1.182 6.924-2.024 10.053l.131-.574c-86.363 175.072-263.598 293.385-468.466 293.385S88.254 905.689 3.252 733.663l-1.361-3.046z" fill="#F7A800" class="path1"></path> <path d="M107.889 132.495c1.893-1.893 1.893-3.786 3.786-5.678 2.98-3.491 7.385-5.69 12.303-5.69s9.323 2.199 12.284 5.668l.019.022L613.264 603.8c3.491 2.98 5.69 7.385 5.69 12.303s-2.199 9.323-5.668 12.284c-1.399 1.869-3.361 3.216-5.631 3.789l-.069.015c-38.446 13.732-82.796 21.669-129.001 21.669-108.416 0-206.626-43.699-277.977-114.443C130.241 467.591 86.799 369.1 86.799 260.462c0-45.803 7.722-89.803 21.936-130.767l-.845 2.8z" fill="#E2231A" class="path2"></path> <path d="M600.015 1.893a6.922 6.922 0 0 1 5.713-1.889c.057-.006.164-.007.272-.007 7.15 0 12.947 5.796 12.947 12.947 0 .108-.001.215-.004.322v-.016 503.482c.002.091.004.199.004.306 0 7.15-5.796 12.947-12.947 12.947-.108 0-.215-.001-.322-.004a6.925 6.925 0 0 1-5.665-1.895l.002.002c-98.273-48.542-164.673-148.065-164.673-263.098S501.743 50.434 598.306 2.657l1.709-.765z" fill="#712177" class="path3"></path> <path d="M938.824 283.919c1.893 0 1.893 1.893 3.786 1.893 1.765 2.012 2.841 4.666 2.841 7.571s-1.077 5.559-2.853 7.584l.011-.013-268.776 266.884c-2.012 1.765-4.666 2.841-7.571 2.841s-5.559-1.077-7.584-2.853a3.774 3.774 0 0 1-1.877-3.793l-.002.019c-7.681-21.529-12.12-46.363-12.12-72.235 0-61.263 24.891-116.712 65.111-156.786 39.326-39.792 93.895-64.431 154.219-64.431 26.857 0 52.573 4.884 76.309 13.812l-1.494-.493z" fill="#82BC00" class="path4"></path></g></g></svg></div></span>
    Nature's Promise Organic Baby Arugula Salad
  </a></div> <!----> <!----></div> <div class="skeleton-loader_wrapper"><div class="product-grid-cell_sizes"><span class="product-grid-cell_size">
    5 OZ PKG
  </span> <span aria-hidden="true">
    |
  </span> <!----> <span class="product-grid-cell_unit">
    $0.60 / OZ
  </span></div> <!----></div> <!----> <!----> <!----> <!----> <!----> <!----> <!----></div> <div class="mobile-product-list-cell_bottom"><div class="mobile-product-list-cell_bottom_cart-ui-wrapper"><!----> <!----> <div class="pdl-add-to-cart"><div class="pdl-add-to-cart_button"><button aria-label="Add to cart" data-product-id="212387" data-price="2.99" class="button button--add-to-cart add-sale">
      Add to cart
      <!----></button> <!----> <!----> <!----></div> <!----></div></div> <!----></div></div></div> <div class="product-tile_action-items"><!----> <!----> <div class="shopping-list-menu_container"><div class="relative-el"><button aria-label="add to shopping list" class="button pdl-product-detail_top-icon button--fourth pdl-product-detail_top-icon--borderless"><!----> <div class="vector-icon-size--large"><svg xmlns="http://www.w3.org/2000/svg" aria-label="Shopping List Icon Add" viewBox="0 0 32 32" role="presentation" aria-hidden="true" focusable="false" class="vector-icon-color--dark-grey"><title lang="en">Shopping List Icon Add</title><desc></desc><g fill="" stroke=""><g><path d="M21.94066,15.3368884 L21.94066,12.8931995 C21.94066,12.3409148 22.3883752,11.8931995 22.94066,11.8931995 C23.4929447,11.8931995 23.94066,12.3409148 23.94066,12.8931995 L23.94066,15.3368884 L26.2522624,15.3368884 C26.8045471,15.3368884 27.2522624,15.7846037 27.2522624,16.3368884 C27.2522624,16.8891732 26.8045471,17.3368884 26.2522624,17.3368884 L23.94066,17.3368884 L23.94066,19.8787952 C23.94066,20.43108 23.4929447,20.8787952 22.94066,20.8787952 C22.3883752,20.8787952 21.94066,20.43108 21.94066,19.8787952 L21.94066,17.3368884 L19.2666667,17.3368884 C18.7143819,17.3368884 18.2666667,16.8891732 18.2666667,16.3368884 C18.2666667,15.7846037 18.7143819,15.3368884 19.2666667,15.3368884 L21.94066,15.3368884 Z M8,12 C7.44771525,12 7,11.5522847 7,11 C7,10.4477153 7.44771525,10 8,10 L19.1153581,10 C19.6676429,10 20.1153581,10.4477153 20.1153581,11 C20.1153581,11.5522847 19.6676429,12 19.1153581,12 L8,12 Z M8,17.3368884 C7.44771525,17.3368884 7,16.8891732 7,16.3368884 C7,15.7846037 7.44771525,15.3368884 8,15.3368884 L14.7200696,15.3368884 C15.2723543,15.3368884 15.7200696,15.7846037 15.7200696,16.3368884 C15.7200696,16.8891732 15.2723543,17.3368884 14.7200696,17.3368884 L8,17.3368884 Z M8,23 C7.44771525,23 7,22.5522847 7,22 C7,21.4477153 7.44771525,21 8,21 L19.1153581,21 C19.6676429,21 20.1153581,21.4477153 20.1153581,22 C20.1153581,22.5522847 19.6676429,23 19.1153581,23 L8,23 Z" fill="#000000" fill-rule="nonzero"></path></g></g></svg></div> <div class="pdl-product-detail_list-tooltip"><p>Add item to shopping list</p> <em></em></div></button></div></div></div> <!----></li> <!----><!----> <!----> <!----> <!----> <li tabindex="-1" data-product-id="118614" class="slot mobile-product-list-cell"><!----> <!----> <!----> <!----> <div class="mobile-product-list-cell_content"><div><!----> <div class="flag_outer-container"><!----> <!----> <!----> <!----></div></div> <div class="mobile-product-list-cell_left"><div><!----> <img src="data:image/svg+xml;base64,PD94bWwgdmVyc2lvbj0iMS4wIiBlbmNvZGluZz0idXRmLTgiPz4KPCEtLSBHZW5lcmF0ZWQgYnkgSWNvTW9vbi5pbyAtLT4KPCFET0NUWVBFIHN2ZyBQVUJMSUMgIi0vL1czQy8vRFREIFNWRyAxLjEvL0VOIiAiaHR0cDovL3d3dy53My5vcmcvR3JhcGhpY3MvU1ZHLzEuMS9EVEQvc3ZnMTEuZHRkIj4KPHN2ZyB2ZXJzaW9uPSIxLjEiIHhtbG5zPSJodHRwOi8vd3d3LnczLm9yZy8yMDAwL3N2ZyIgeG1sbnM6eGxpbms9Imh0dHA6Ly93d3cudzMub3JnLzE5OTkveGxpbmsiIHdpZHRoPSI0OCIgaGVpZ2h0PSI0OCIgdmlld0JveD0iMCAwIDQ4IDQ4Ij4KPGcgaWQ9Imljb21vb24taWdub3JlIj4KCTxsaW5lIHN0cm9rZS13aWR0aD0iMSIgeDE9IiIgeTE9IiIgeDI9IiIgeTI9IiIgc3Ryb2tlPSIjNDQ5RkRCIiBvcGFjaXR5PSIiPjwvbGluZT4KPC9nPgoJPHBhdGggZD0iTTM4LjQ4IDkuMDcwYzAuMjQ4IDAgMC40NSAwLjIwMiAwLjQ1IDAuNDV2MjguOTU5YzAgMC4yNDgtMC4yMDIgMC40NS0wLjQ1IDAuNDVoLTI4Ljk1OWMtMC4yNDggMC0wLjQ1LTAuMjAyLTAuNDUtMC40NXYtMjguOTU5YzAtMC4yNDggMC4yMDItMC40NSAwLjQ1LTAuNDVoMjguOTU5ek0zOC40OCA4aC0yOC45NTljLTAuODQgMC0xLjUyIDAuNjgxLTEuNTIgMS41MjF2MjguOTU5YzAgMC44NCAwLjY4MSAxLjUyMSAxLjUyIDEuNTIxaDI4Ljk1OWMwLjg0IDAgMS41Mi0wLjY4MSAxLjUyLTEuNTIxdi0yOC45NTljMC0wLjg0LTAuNjgxLTEuNTIxLTEuNTItMS41MjF2MHoiIG9wYWNpdHk9IjEiIHZpc2liaWxpdHk9ImZhbHNlIiBmaWxsPSIjZDdkN2Q3Ij48L3BhdGg+Cgk8cGF0aCBkPSJNMTIuMjI4IDM1LjIyNHYtMy4zMjljMC0wLjE0NSAwLjA1OC0wLjI4NSAwLjE2LTAuMzg4bDUuNTg3LTUuNTg3YzAuMjE0LTAuMjE0IDAuNTYxLTAuMjE0IDAuNzc1IDBsMi4xMTkgMi4xMTljMC4yMTQgMC4yMTQgMC41NjEgMC4yMTQgMC43NzUgMGw4LjE5MS04LjE5MmMwLjIxNC0wLjIxNCAwLjU2MS0wLjIxNCAwLjc3NSAwbDUgNWMwLjEwMyAwLjEwMyAwLjE2IDAuMjQyIDAuMTYgMC4zODh2OS45ODhjMCAwLjMwMy0wLjI0NSAwLjU0OC0wLjU0OCAwLjU0OGgtMjIuNDQ3Yy0wLjMwMyAwLTAuNTQ4LTAuMjQ1LTAuNTQ4LTAuNTQ4eiIgb3BhY2l0eT0iMSIgdmlzaWJpbGl0eT0iZmFsc2UiIGZpbGw9IiNkN2Q3ZDciPjwvcGF0aD4KCTxwYXRoIGQ9Ik0yMS41NDQgMTcuOTY3YzAgMS45ODItMS42MDYgMy41ODgtMy41ODggMy41ODhzLTMuNTg4LTEuNjA2LTMuNTg4LTMuNTg4YzAtMS45ODEgMS42MDYtMy41ODggMy41ODgtMy41ODhzMy41ODggMS42MDYgMy41ODggMy41ODh6IiBvcGFjaXR5PSIxIiB2aXNpYmlsaXR5PSJmYWxzZSIgZmlsbD0iI2Q3ZDdkNyI+PC9wYXRoPgo8L3N2Zz4K" alt="Peaches" skeleton-box-size="9rem" class="product-grid-image object-contain"></div></div> <div class="mobile-product-list-cell_info"><div class="product-tile_detail"><div class="skeleton-loader_wrapper cursor-pointer"><div class="product-grid-cell_price-container product-grid-cell_price-container--mobile"><span class="product-grid-cell_main-price"><!---->
    $1.67
  </span> <!----></div> <!----></div> <!----></div> <div class="mobile-product-list-cell_name-content"><div class="skeleton-loader_wrapper"><div class="product-grid-cell_name"><a id="product-name-118614-16760862937850328" href="#" data-opens-modal="true" aria-haspopup="dialog" class="product-grid-cell_name-text product-grid-cell_name-text--clamp-2"><!---->
    Peaches
  </a></div> <!----> <!----></div> <div class="skeleton-loader_wrapper"><div class="product-grid-cell_sizes"><span class="product-grid-cell_size">
    1 EA
  </span> <span aria-hidden="true">
    |
  </span> <!----> <span class="product-grid-cell_unit">
    $1.67 / EA
  </span></div> <!----></div> <!----> <!----> <!----> <!----> <!----> <!----> <!----></div> <div class="mobile-product-list-cell_bottom"><div class="mobile-product-list-cell_bottom_cart-ui-wrapper"><!----> <!----> <div class="pdl-add-to-cart"><div class="pdl-add-to-cart_button"><button aria-label="Add to cart" data-product-id="118614" data-price="1.67" class="button button--add-to-cart">
      Add to cart
      <!----></button> <!----> <!----> <!----></div> <!----></div></div> <!----></div></div></div> <div class="product-tile_action-items"><!----> <!----> <div class="shopping-list-menu_container"><div class="relative-el"><button aria-label="add to shopping list" class="button pdl-product-detail_top-icon button--fourth pdl-product-detail_top-icon--borderless"><!----> <div class="vector-icon-size--large"><svg xmlns="http://www.w3.org/2000/svg" aria-label="Shopping List Icon Add" viewBox="0 0 32 32" role="presentation" aria-hidden="true" focusable="false" class="vector-icon-color--dark-grey"><title lang="en">Shopping List Icon Add</title><desc></desc><g fill="" stroke=""><g><path d="M21.94066,15.3368884 L21.94066,12.8931995 C21.94066,12.3409148 22.3883752,11.8931995 22.94066,11.8931995 C23.4929447,11.8931995 23.94066,12.3409148 23.94066,12.8931995 L23.94066,15.3368884 L26.2522624,15.3368884 C26.8045471,15.3368884 27.2522624,15.7846037 27.2522624,16.3368884 C27.2522624,16.8891732 26.8045471,17.3368884 26.2522624,17.3368884 L23.94066,17.3368884 L23.94066,19.8787952 C23.94066,20.43108 23.4929447,20.8787952 22.94066,20.8787952 C22.3883752,20.8787952 21.94066,20.43108 21.94066,19.8787952 L21.94066,17.3368884 L19.2666667,17.3368884 C18.7143819,17.3368884 18.2666667,16.8891732 18.2666667,16.3368884 C18.2666667,15.7846037 18.7143819,15.3368884 19.2666667,15.3368884 L21.94066,15.3368884 Z M8,12 C7.44771525,12 7,11.5522847 7,11 C7,10.4477153 7.44771525,10 8,10 L19.1153581,10 C19.6676429,10 20.1153581,10.4477153 20.1153581,11 C20.1153581,11.5522847 19.6676429,12 19.1153581,12 L8,12 Z M8,17.3368884 C7.44771525,17.3368884 7,16.8891732 7,16.3368884 C7,15.7846037 7.44771525,15.3368884 8,15.3368884 L14.7200696,15.3368884 C15.2723543,15.3368884 15.7200696,15.7846037 15.7200696,16.3368884 C15.7200696,16.8891732 15.2723543,17.3368884 14.7200696,17.3368884 L8,17.3368884 Z M8,23 C7.44771525,23 7,22.5522847 7,22 C7,21.4477153 7.44771525,21 8,21 L19.1153581,21 C19.6676429,21 20.1153581,21.4477153 20.1153581,22 C20.1153581,22.5522847 19.6676429,23 19.1153581,23 L8,23 Z" fill="#000000" fill-rule="nonzero"></path></g></g></svg></div> <div class="pdl-product-detail_list-tooltip"><p>Add item to shopping list</p> <em></em></div></button></div></div></div> <!----></li> <!----><!----> <!----> <!----> <!----> <li tabindex="-1" data-product-id="170534" class="slot mobile-product-list-cell"><!----> <!----> <!----> <!----> <div class="mobile-product-list-cell_content"><div><!----> <div class="flag_outer-container"><!----> <!----> <!----> <!----></div></div> <div class="mobile-product-list-cell_left"><div><!----> <img src="data:image/svg+xml;base64,PD94bWwgdmVyc2lvbj0iMS4wIiBlbmNvZGluZz0idXRmLTgiPz4KPCEtLSBHZW5lcmF0ZWQgYnkgSWNvTW9vbi5pbyAtLT4KPCFET0NUWVBFIHN2ZyBQVUJMSUMgIi0vL1czQy8vRFREIFNWRyAxLjEvL0VOIiAiaHR0cDovL3d3dy53My5vcmcvR3JhcGhpY3MvU1ZHLzEuMS9EVEQvc3ZnMTEuZHRkIj4KPHN2ZyB2ZXJzaW9uPSIxLjEiIHhtbG5zPSJodHRwOi8vd3d3LnczLm9yZy8yMDAwL3N2ZyIgeG1sbnM6eGxpbms9Imh0dHA6Ly93d3cudzMub3JnLzE5OTkveGxpbmsiIHdpZHRoPSI0OCIgaGVpZ2h0PSI0OCIgdmlld0JveD0iMCAwIDQ4IDQ4Ij4KPGcgaWQ9Imljb21vb24taWdub3JlIj4KCTxsaW5lIHN0cm9rZS13aWR0aD0iMSIgeDE9IiIgeTE9IiIgeDI9IiIgeTI9IiIgc3Ryb2tlPSIjNDQ5RkRCIiBvcGFjaXR5PSIiPjwvbGluZT4KPC9nPgoJPHBhdGggZD0iTTM4LjQ4IDkuMDcwYzAuMjQ4IDAgMC40NSAwLjIwMiAwLjQ1IDAuNDV2MjguOTU5YzAgMC4yNDgtMC4yMDIgMC40NS0wLjQ1IDAuNDVoLTI4Ljk1OWMtMC4yNDggMC0wLjQ1LTAuMjAyLTAuNDUtMC40NXYtMjguOTU5YzAtMC4yNDggMC4yMDItMC40NSAwLjQ1LTAuNDVoMjguOTU5ek0zOC40OCA4aC0yOC45NTljLTAuODQgMC0xLjUyIDAuNjgxLTEuNTIgMS41MjF2MjguOTU5YzAgMC44NCAwLjY4MSAxLjUyMSAxLjUyIDEuNTIxaDI4Ljk1OWMwLjg0IDAgMS41Mi0wLjY4MSAxLjUyLTEuNTIxdi0yOC45NTljMC0wLjg0LTAuNjgxLTEuNTIxLTEuNTItMS41MjF2MHoiIG9wYWNpdHk9IjEiIHZpc2liaWxpdHk9ImZhbHNlIiBmaWxsPSIjZDdkN2Q3Ij48L3BhdGg+Cgk8cGF0aCBkPSJNMTIuMjI4IDM1LjIyNHYtMy4zMjljMC0wLjE0NSAwLjA1OC0wLjI4NSAwLjE2LTAuMzg4bDUuNTg3LTUuNTg3YzAuMjE0LTAuMjE0IDAuNTYxLTAuMjE0IDAuNzc1IDBsMi4xMTkgMi4xMTljMC4yMTQgMC4yMTQgMC41NjEgMC4yMTQgMC43NzUgMGw4LjE5MS04LjE5MmMwLjIxNC0wLjIxNCAwLjU2MS0wLjIxNCAwLjc3NSAwbDUgNWMwLjEwMyAwLjEwMyAwLjE2IDAuMjQyIDAuMTYgMC4zODh2OS45ODhjMCAwLjMwMy0wLjI0NSAwLjU0OC0wLjU0OCAwLjU0OGgtMjIuNDQ3Yy0wLjMwMyAwLTAuNTQ4LTAuMjQ1LTAuNTQ4LTAuNTQ4eiIgb3BhY2l0eT0iMSIgdmlzaWJpbGl0eT0iZmFsc2UiIGZpbGw9IiNkN2Q3ZDciPjwvcGF0aD4KCTxwYXRoIGQ9Ik0yMS41NDQgMTcuOTY3YzAgMS45ODItMS42MDYgMy41ODgtMy41ODggMy41ODhzLTMuNTg4LTEuNjA2LTMuNTg4LTMuNTg4YzAtMS45ODEgMS42MDYtMy41ODggMy41ODgtMy41ODhzMy41ODggMS42MDYgMy41ODggMy41ODh6IiBvcGFjaXR5PSIxIiB2aXNpYmlsaXR5PSJmYWxzZSIgZmlsbD0iI2Q3ZDdkNyI+PC9wYXRoPgo8L3N2Zz4K" alt="Onions Sweet" skeleton-box-size="9rem" class="product-grid-image object-contain"></div></div> <div class="mobile-product-list-cell_info"><div class="product-tile_detail"><div class="skeleton-loader_wrapper cursor-pointer"><div class="product-grid-cell_price-container product-grid-cell_price-container--mobile"><span class="product-grid-cell_main-price"><!---->
    $3.99
  </span> <!----></div> <!----></div> <!----></div> <div class="mobile-product-list-cell_name-content"><div class="skeleton-loader_wrapper"><div class="product-grid-cell_name"><a id="product-name-170534-16760862937877334" href="#" data-opens-modal="true" aria-haspopup="dialog" class="product-grid-cell_name-text product-grid-cell_name-text--clamp-2"><!---->
    Onions Sweet
  </a></div> <!----> <!----></div> <div class="skeleton-loader_wrapper"><div class="product-grid-cell_sizes"><span class="product-grid-cell_size">
    3 LB BAG
  </span> <span aria-hidden="true">
    |
  </span> <!----> <span class="product-grid-cell_unit">
    $0.08 / OZ
  </span></div> <!----></div> <!----> <!----> <!----> <!----> <!----> <!----> <!----></div> <div class="mobile-product-list-cell_bottom"><div class="mobile-product-list-cell_bottom_cart-ui-wrapper"><!----> <!----> <div class="pdl-add-to-cart"><div class="pdl-add-to-cart_button"><button aria-label="Add to cart" data-product-id="170534" data-price="3.99" class="button button--add-to-cart">
      Add to cart
      <!----></button> <!----> <!----> <!----></div> <!----></div></div> <!----></div></div></div> <div class="product-tile_action-items"><!----> <!----> <div class="shopping-list-menu_container"><div class="relative-el"><button aria-label="add to shopping list" class="button pdl-product-detail_top-icon button--fourth pdl-product-detail_top-icon--borderless"><!----> <div class="vector-icon-size--large"><svg xmlns="http://www.w3.org/2000/svg" aria-label="Shopping List Icon Add" viewBox="0 0 32 32" role="presentation" aria-hidden="true" focusable="false" class="vector-icon-color--dark-grey"><title lang="en">Shopping List Icon Add</title><desc></desc><g fill="" stroke=""><g><path d="M21.94066,15.3368884 L21.94066,12.8931995 C21.94066,12.3409148 22.3883752,11.8931995 22.94066,11.8931995 C23.4929447,11.8931995 23.94066,12.3409148 23.94066,12.8931995 L23.94066,15.3368884 L26.2522624,15.3368884 C26.8045471,15.3368884 27.2522624,15.7846037 27.2522624,16.3368884 C27.2522624,16.8891732 26.8045471,17.3368884 26.2522624,17.3368884 L23.94066,17.3368884 L23.94066,19.8787952 C23.94066,20.43108 23.4929447,20.8787952 22.94066,20.8787952 C22.3883752,20.8787952 21.94066,20.43108 21.94066,19.8787952 L21.94066,17.3368884 L19.2666667,17.3368884 C18.7143819,17.3368884 18.2666667,16.8891732 18.2666667,16.3368884 C18.2666667,15.7846037 18.7143819,15.3368884 19.2666667,15.3368884 L21.94066,15.3368884 Z M8,12 C7.44771525,12 7,11.5522847 7,11 C7,10.4477153 7.44771525,10 8,10 L19.1153581,10 C19.6676429,10 20.1153581,10.4477153 20.1153581,11 C20.1153581,11.5522847 19.6676429,12 19.1153581,12 L8,12 Z M8,17.3368884 C7.44771525,17.3368884 7,16.8891732 7,16.3368884 C7,15.7846037 7.44771525,15.3368884 8,15.3368884 L14.7200696,15.3368884 C15.2723543,15.3368884 15.7200696,15.7846037 15.7200696,16.3368884 C15.7200696,16.8891732 15.2723543,17.3368884 14.7200696,17.3368884 L8,17.3368884 Z M8,23 C7.44771525,23 7,22.5522847 7,22 C7,21.4477153 7.44771525,21 8,21 L19.1153581,21 C19.6676429,21 20.1153581,21.4477153 20.1153581,22 C20.1153581,22.5522847 19.6676429,23 19.1153581,23 L8,23 Z" fill="#000000" fill-rule="nonzero"></path></g></g></svg></div> <div class="pdl-product-detail_list-tooltip"><p>Add item to shopping list</p> <em></em></div></button></div></div></div> <!----></li> <!----><!----> <!----> <!----> <!----> <li tabindex="-1" data-product-id="2165" class="slot mobile-product-list-cell"><!----> <!----> <!----> <!----> <div class="mobile-product-list-cell_content"><div><!----> <div class="flag_outer-container"><div class=""><svg xmlns="http://www.w3.org/2000/svg" aria-label="Sale" viewBox="0 0 32 32" role="presentation" aria-hidden="true" focusable="false" class="w-20 ml-3"><title lang="en">Sale</title><desc></desc><g fill="" stroke=""><g><path d="M16.56 19.87a3.81 3.81 0 0 1-1-.13l-13.39-3.5a1.5 1.5 0 0 1-1.12-1.34l-.81-11a1.52 1.52 0 0 1 1.39-1.61l27.69-2h.11a1.51 1.51 0 0 1 1.5 1.4l.82 11a1.52 1.52 0 0 1-.91 1.5l-12.72 5.36a3.79 3.79 0 0 1-1.56.32Z" fill="#ed1256"></path><path fill="#fff" d="M29.43.48a1.26 1.26 0 0 1 1.26 1.17l.82 11a1.27 1.27 0 0 1-.76 1.26L18 19.34a3.72 3.72 0 0 1-1.47.3 3.79 3.79 0 0 1-.94-.12L2.24 16a1.27 1.27 0 0 1-1-1.13l-.81-11a1.26 1.26 0 0 1 1.22-1.33L29.34.48h.09m0-.48h-.13L1.62 2A1.76 1.76 0 0 0 0 3.92l.82 11a1.73 1.73 0 0 0 1.3 1.55L15.5 20a4.3 4.3 0 0 0 1.07.14 4.24 4.24 0 0 0 1.65-.34l12.72-5.44A1.76 1.76 0 0 0 32 12.59l-.82-11A1.76 1.76 0 0 0 29.43 0Z"></path><path fill="#fff" d="M3.74 9.87a3 3 0 0 0 .82.55 2.21 2.21 0 0 0 1.08.19 1.6 1.6 0 0 0 .29 0 1 1 0 0 0 .26-.12.58.58 0 0 0 .18-.2.62.62 0 0 0 0-.31.59.59 0 0 0-.32-.49 3.38 3.38 0 0 0-.85-.34L4.84 9a4.19 4.19 0 0 1-.69-.26 2.44 2.44 0 0 1-.63-.41 1.92 1.92 0 0 1-.7-1.42 2.68 2.68 0 0 1 .1-1A2.2 2.2 0 0 1 3.39 5a2.42 2.42 0 0 1 .82-.6 3.15 3.15 0 0 1 1.17-.28 3.68 3.68 0 0 1 1.72.24 3 3 0 0 1 .57.29A2.66 2.66 0 0 1 8 5l-.82 1.37a4.42 4.42 0 0 0-.82-.45 2 2 0 0 0-.85-.13 1.4 1.4 0 0 0-.28.06A.9.9 0 0 0 5 6a.62.62 0 0 0-.16.2.5.5 0 0 0 0 .28.6.6 0 0 0 .1.31.68.68 0 0 0 .24.2 1.27 1.27 0 0 0 .35.15l.43.13.35.09a7.49 7.49 0 0 1 .69.22 2.2 2.2 0 0 1 .72.42 2.46 2.46 0 0 1 .54.68 2.31 2.31 0 0 1 .27 1 2.15 2.15 0 0 1-.15 1 2.53 2.53 0 0 1-.56.84 2.77 2.77 0 0 1-.88.59 4 4 0 0 1-1.11.27A4.67 4.67 0 0 1 4 12.25a3.79 3.79 0 0 1-1.28-.75ZM11.29 3.89l2.17-.16 3.1 7.7-2 .15L14 10l-2.39.18-.35 1.67-2 .14Zm2.15 4.6-1-2.84-.61 2.95ZM17 3.47l1.89-.14.44 6 3.3-.25.16 1.92-5.19.39ZM23.36 3l5.13-.38.13 1.8-3.24.24.09 1.22 2.66-.2.12 1.7-2.65.2.09 1.35 3.46-.26.13 1.81-5.34.4Z"></path></g></g></svg></div> <!----> <!----> <!----></div></div> <div class="mobile-product-list-cell_left"><div><!----> <img src="data:image/svg+xml;base64,PD94bWwgdmVyc2lvbj0iMS4wIiBlbmNvZGluZz0idXRmLTgiPz4KPCEtLSBHZW5lcmF0ZWQgYnkgSWNvTW9vbi5pbyAtLT4KPCFET0NUWVBFIHN2ZyBQVUJMSUMgIi0vL1czQy8vRFREIFNWRyAxLjEvL0VOIiAiaHR0cDovL3d3dy53My5vcmcvR3JhcGhpY3MvU1ZHLzEuMS9EVEQvc3ZnMTEuZHRkIj4KPHN2ZyB2ZXJzaW9uPSIxLjEiIHhtbG5zPSJodHRwOi8vd3d3LnczLm9yZy8yMDAwL3N2ZyIgeG1sbnM6eGxpbms9Imh0dHA6Ly93d3cudzMub3JnLzE5OTkveGxpbmsiIHdpZHRoPSI0OCIgaGVpZ2h0PSI0OCIgdmlld0JveD0iMCAwIDQ4IDQ4Ij4KPGcgaWQ9Imljb21vb24taWdub3JlIj4KCTxsaW5lIHN0cm9rZS13aWR0aD0iMSIgeDE9IiIgeTE9IiIgeDI9IiIgeTI9IiIgc3Ryb2tlPSIjNDQ5RkRCIiBvcGFjaXR5PSIiPjwvbGluZT4KPC9nPgoJPHBhdGggZD0iTTM4LjQ4IDkuMDcwYzAuMjQ4IDAgMC40NSAwLjIwMiAwLjQ1IDAuNDV2MjguOTU5YzAgMC4yNDgtMC4yMDIgMC40NS0wLjQ1IDAuNDVoLTI4Ljk1OWMtMC4yNDggMC0wLjQ1LTAuMjAyLTAuNDUtMC40NXYtMjguOTU5YzAtMC4yNDggMC4yMDItMC40NSAwLjQ1LTAuNDVoMjguOTU5ek0zOC40OCA4aC0yOC45NTljLTAuODQgMC0xLjUyIDAuNjgxLTEuNTIgMS41MjF2MjguOTU5YzAgMC44NCAwLjY4MSAxLjUyMSAxLjUyIDEuNTIxaDI4Ljk1OWMwLjg0IDAgMS41Mi0wLjY4MSAxLjUyLTEuNTIxdi0yOC45NTljMC0wLjg0LTAuNjgxLTEuNTIxLTEuNTItMS41MjF2MHoiIG9wYWNpdHk9IjEiIHZpc2liaWxpdHk9ImZhbHNlIiBmaWxsPSIjZDdkN2Q3Ij48L3BhdGg+Cgk8cGF0aCBkPSJNMTIuMjI4IDM1LjIyNHYtMy4zMjljMC0wLjE0NSAwLjA1OC0wLjI4NSAwLjE2LTAuMzg4bDUuNTg3LTUuNTg3YzAuMjE0LTAuMjE0IDAuNTYxLTAuMjE0IDAuNzc1IDBsMi4xMTkgMi4xMTljMC4yMTQgMC4yMTQgMC41NjEgMC4yMTQgMC43NzUgMGw4LjE5MS04LjE5MmMwLjIxNC0wLjIxNCAwLjU2MS0wLjIxNCAwLjc3NSAwbDUgNWMwLjEwMyAwLjEwMyAwLjE2IDAuMjQyIDAuMTYgMC4zODh2OS45ODhjMCAwLjMwMy0wLjI0NSAwLjU0OC0wLjU0OCAwLjU0OGgtMjIuNDQ3Yy0wLjMwMyAwLTAuNTQ4LTAuMjQ1LTAuNTQ4LTAuNTQ4eiIgb3BhY2l0eT0iMSIgdmlzaWJpbGl0eT0iZmFsc2UiIGZpbGw9IiNkN2Q3ZDciPjwvcGF0aD4KCTxwYXRoIGQ9Ik0yMS41NDQgMTcuOTY3YzAgMS45ODItMS42MDYgMy41ODgtMy41ODggMy41ODhzLTMuNTg4LTEuNjA2LTMuNTg4LTMuNTg4YzAtMS45ODEgMS42MDYtMy41ODggMy41ODgtMy41ODhzMy41ODggMS42MDYgMy41ODggMy41ODh6IiBvcGFjaXR5PSIxIiB2aXNpYmlsaXR5PSJmYWxzZSIgZmlsbD0iI2Q3ZDdkNyI+PC9wYXRoPgo8L3N2Zz4K" alt="Del Monte Fresh Cut Whole Kernel Corn Golden Sweet with Sea Salt" skeleton-box-size="9rem" class="product-grid-image object-contain"></div></div> <div class="mobile-product-list-cell_info"><div class="product-tile_detail"><div class="skeleton-loader_wrapper cursor-pointer"><div class="product-grid-cell_price-container product-grid-cell_price-container_column product-grid-cell_price-container--mobile"><span class="product-grid-cell_main-price product-grid-cell_main-price--on-sale"><span class="sr-only">
      Sale Price
    </span>
    $1.25
  </span> <div class="product-grid-cell_was-container"><span class="product-grid-cell_regular-price product-grid-cell_regular-price--small"><span class="sr-only">
        Original Price
      </span>
      $1.69
    </span></div></div> <!----></div> <!----></div> <div class="mobile-product-list-cell_name-content"><div class="skeleton-loader_wrapper"><div class="product-grid-cell_name"><a id="product-name-2165-16760862937901483" href="#" data-opens-modal="true" aria-haspopup="dialog" class="product-grid-cell_name-text product-grid-cell_name-text--clamp-2"><!---->
    Del Monte Fresh Cut Whole Kernel Corn Golden Sweet with Sea Salt
  </a></div> <!----> <!----></div> <div class="skeleton-loader_wrapper"><div class="product-grid-cell_sizes"><span class="product-grid-cell_size">
    15.2 OZ CAN
  </span> <span aria-hidden="true">
    |
  </span> <!----> <span class="product-grid-cell_unit">
    $0.08 / OZ
  </span></div> <!----></div> <!----> <!----> <!----> <!----> <!----> <!----> <!----></div> <div class="mobile-product-list-cell_bottom"><div class="mobile-product-list-cell_bottom_cart-ui-wrapper"><!----> <!----> <div class="pdl-add-to-cart"><div class="pdl-add-to-cart_button"><button aria-label="Add to cart" data-product-id="2165" data-price="1.25" class="button button--add-to-cart add-sale">
      Add to cart
      <!----></button> <!----> <!----> <!----></div> <!----></div></div> <!----></div></div></div> <div class="product-tile_action-items"><!----> <!----> <div class="shopping-list-menu_container"><div class="relative-el"><button aria-label="add to shopping list" class="button pdl-product-detail_top-icon button--fourth pdl-product-detail_top-icon--borderless"><!----> <div class="vector-icon-size--large"><svg xmlns="http://www.w3.org/2000/svg" aria-label="Shopping List Icon Add" viewBox="0 0 32 32" role="presentation" aria-hidden="true" focusable="false" class="vector-icon-color--dark-grey"><title lang="en">Shopping List Icon Add</title><desc></desc><g fill="" stroke=""><g><path d="M21.94066,15.3368884 L21.94066,12.8931995 C21.94066,12.3409148 22.3883752,11.8931995 22.94066,11.8931995 C23.4929447,11.8931995 23.94066,12.3409148 23.94066,12.8931995 L23.94066,15.3368884 L26.2522624,15.3368884 C26.8045471,15.3368884 27.2522624,15.7846037 27.2522624,16.3368884 C27.2522624,16.8891732 26.8045471,17.3368884 26.2522624,17.3368884 L23.94066,17.3368884 L23.94066,19.8787952 C23.94066,20.43108 23.4929447,20.8787952 22.94066,20.8787952 C22.3883752,20.8787952 21.94066,20.43108 21.94066,19.8787952 L21.94066,17.3368884 L19.2666667,17.3368884 C18.7143819,17.3368884 18.2666667,16.8891732 18.2666667,16.3368884 C18.2666667,15.7846037 18.7143819,15.3368884 19.2666667,15.3368884 L21.94066,15.3368884 Z M8,12 C7.44771525,12 7,11.5522847 7,11 C7,10.4477153 7.44771525,10 8,10 L19.1153581,10 C19.6676429,10 20.1153581,10.4477153 20.1153581,11 C20.1153581,11.5522847 19.6676429,12 19.1153581,12 L8,12 Z M8,17.3368884 C7.44771525,17.3368884 7,16.8891732 7,16.3368884 C7,15.7846037 7.44771525,15.3368884 8,15.3368884 L14.7200696,15.3368884 C15.2723543,15.3368884 15.7200696,15.7846037 15.7200696,16.3368884 C15.7200696,16.8891732 15.2723543,17.3368884 14.7200696,17.3368884 L8,17.3368884 Z M8,23 C7.44771525,23 7,22.5522847 7,22 C7,21.4477153 7.44771525,21 8,21 L19.1153581,21 C19.6676429,21 20.1153581,21.4477153 20.1153581,22 C20.1153581,22.5522847 19.6676429,23 19.1153581,23 L8,23 Z" fill="#000000" fill-rule="nonzero"></path></g></g></svg></div> <div class="pdl-product-detail_list-tooltip"><p>Add item to shopping list</p> <em></em></div></button></div></div></div> <!----></li> <!----><!----> <!----> <!----> <!----> <li tabindex="-1" data-product-id="6486" class="slot mobile-product-list-cell"><!----> <!----> <!----> <!----> <div class="mobile-product-list-cell_content"><div><!----> <div class="flag_outer-container"><!----> <!----> <!----> <!----></div></div> <div class="mobile-product-list-cell_left"><div><!----> <img src="data:image/svg+xml;base64,PD94bWwgdmVyc2lvbj0iMS4wIiBlbmNvZGluZz0idXRmLTgiPz4KPCEtLSBHZW5lcmF0ZWQgYnkgSWNvTW9vbi5pbyAtLT4KPCFET0NUWVBFIHN2ZyBQVUJMSUMgIi0vL1czQy8vRFREIFNWRyAxLjEvL0VOIiAiaHR0cDovL3d3dy53My5vcmcvR3JhcGhpY3MvU1ZHLzEuMS9EVEQvc3ZnMTEuZHRkIj4KPHN2ZyB2ZXJzaW9uPSIxLjEiIHhtbG5zPSJodHRwOi8vd3d3LnczLm9yZy8yMDAwL3N2ZyIgeG1sbnM6eGxpbms9Imh0dHA6Ly93d3cudzMub3JnLzE5OTkveGxpbmsiIHdpZHRoPSI0OCIgaGVpZ2h0PSI0OCIgdmlld0JveD0iMCAwIDQ4IDQ4Ij4KPGcgaWQ9Imljb21vb24taWdub3JlIj4KCTxsaW5lIHN0cm9rZS13aWR0aD0iMSIgeDE9IiIgeTE9IiIgeDI9IiIgeTI9IiIgc3Ryb2tlPSIjNDQ5RkRCIiBvcGFjaXR5PSIiPjwvbGluZT4KPC9nPgoJPHBhdGggZD0iTTM4LjQ4IDkuMDcwYzAuMjQ4IDAgMC40NSAwLjIwMiAwLjQ1IDAuNDV2MjguOTU5YzAgMC4yNDgtMC4yMDIgMC40NS0wLjQ1IDAuNDVoLTI4Ljk1OWMtMC4yNDggMC0wLjQ1LTAuMjAyLTAuNDUtMC40NXYtMjguOTU5YzAtMC4yNDggMC4yMDItMC40NSAwLjQ1LTAuNDVoMjguOTU5ek0zOC40OCA4aC0yOC45NTljLTAuODQgMC0xLjUyIDAuNjgxLTEuNTIgMS41MjF2MjguOTU5YzAgMC44NCAwLjY4MSAxLjUyMSAxLjUyIDEuNTIxaDI4Ljk1OWMwLjg0IDAgMS41Mi0wLjY4MSAxLjUyLTEuNTIxdi0yOC45NTljMC0wLjg0LTAuNjgxLTEuNTIxLTEuNTItMS41MjF2MHoiIG9wYWNpdHk9IjEiIHZpc2liaWxpdHk9ImZhbHNlIiBmaWxsPSIjZDdkN2Q3Ij48L3BhdGg+Cgk8cGF0aCBkPSJNMTIuMjI4IDM1LjIyNHYtMy4zMjljMC0wLjE0NSAwLjA1OC0wLjI4NSAwLjE2LTAuMzg4bDUuNTg3LTUuNTg3YzAuMjE0LTAuMjE0IDAuNTYxLTAuMjE0IDAuNzc1IDBsMi4xMTkgMi4xMTljMC4yMTQgMC4yMTQgMC41NjEgMC4yMTQgMC43NzUgMGw4LjE5MS04LjE5MmMwLjIxNC0wLjIxNCAwLjU2MS0wLjIxNCAwLjc3NSAwbDUgNWMwLjEwMyAwLjEwMyAwLjE2IDAuMjQyIDAuMTYgMC4zODh2OS45ODhjMCAwLjMwMy0wLjI0NSAwLjU0OC0wLjU0OCAwLjU0OGgtMjIuNDQ3Yy0wLjMwMyAwLTAuNTQ4LTAuMjQ1LTAuNTQ4LTAuNTQ4eiIgb3BhY2l0eT0iMSIgdmlzaWJpbGl0eT0iZmFsc2UiIGZpbGw9IiNkN2Q3ZDciPjwvcGF0aD4KCTxwYXRoIGQ9Ik0yMS41NDQgMTcuOTY3YzAgMS45ODItMS42MDYgMy41ODgtMy41ODggMy41ODhzLTMuNTg4LTEuNjA2LTMuNTg4LTMuNTg4YzAtMS45ODEgMS42MDYtMy41ODggMy41ODgtMy41ODhzMy41ODggMS42MDYgMy41ODggMy41ODh6IiBvcGFjaXR5PSIxIiB2aXNpYmlsaXR5PSJmYWxzZSIgZmlsbD0iI2Q3ZDdkNyI+PC9wYXRoPgo8L3N2Zz4K" alt="Old El Paso Taco Seasoning Mix Packet Original" skeleton-box-size="9rem" class="product-grid-image object-contain"></div></div> <div class="mobile-product-list-cell_info"><div class="product-tile_detail"><div class="skeleton-loader_wrapper cursor-pointer"><div class="product-grid-cell_price-container product-grid-cell_price-container--mobile"><span class="product-grid-cell_main-price"><!---->
    $1.49
  </span> <!----></div> <!----></div> <!----></div> <div class="mobile-product-list-cell_name-content"><div class="skeleton-loader_wrapper"><div class="product-grid-cell_name"><a id="product-name-6486-16760862937938254" href="#" data-opens-modal="true" aria-haspopup="dialog" class="product-grid-cell_name-text product-grid-cell_name-text--clamp-2"><!---->
    Old El Paso Taco Seasoning Mix Packet Original
  </a></div> <!----> <!----></div> <div class="skeleton-loader_wrapper"><div class="product-grid-cell_sizes"><span class="product-grid-cell_size">
    1 OZ PKT
  </span> <span aria-hidden="true">
    |
  </span> <!----> <span class="product-grid-cell_unit">
    $1.49 / OZ
  </span></div> <!----></div> <!----> <!----> <!----> <!----> <!----> <!----> <!----></div> <div class="mobile-product-list-cell_bottom"><div class="mobile-product-list-cell_bottom_cart-ui-wrapper"><!----> <!----> <div class="pdl-add-to-cart"><div class="pdl-add-to-cart_button"><button aria-label="Add to cart" data-product-id="6486" data-price="1.49" class="button button--add-to-cart">
      Add to cart
      <!----></button> <!----> <!----> <!----></div> <!----></div></div> <!----></div></div></div> <div class="product-tile_action-items"><!----> <!----> <div class="shopping-list-menu_container"><div class="relative-el"><button aria-label="add to shopping list" class="button pdl-product-detail_top-icon button--fourth pdl-product-detail_top-icon--borderless"><!----> <div class="vector-icon-size--large"><svg xmlns="http://www.w3.org/2000/svg" aria-label="Shopping List Icon Add" viewBox="0 0 32 32" role="presentation" aria-hidden="true" focusable="false" class="vector-icon-color--dark-grey"><title lang="en">Shopping List Icon Add</title><desc></desc><g fill="" stroke=""><g><path d="M21.94066,15.3368884 L21.94066,12.8931995 C21.94066,12.3409148 22.3883752,11.8931995 22.94066,11.8931995 C23.4929447,11.8931995 23.94066,12.3409148 23.94066,12.8931995 L23.94066,15.3368884 L26.2522624,15.3368884 C26.8045471,15.3368884 27.2522624,15.7846037 27.2522624,16.3368884 C27.2522624,16.8891732 26.8045471,17.3368884 26.2522624,17.3368884 L23.94066,17.3368884 L23.94066,19.8787952 C23.94066,20.43108 23.4929447,20.8787952 22.94066,20.8787952 C22.3883752,20.8787952 21.94066,20.43108 21.94066,19.8787952 L21.94066,17.3368884 L19.2666667,17.3368884 C18.7143819,17.3368884 18.2666667,16.8891732 18.2666667,16.3368884 C18.2666667,15.7846037 18.7143819,15.3368884 19.2666667,15.3368884 L21.94066,15.3368884 Z M8,12 C7.44771525,12 7,11.5522847 7,11 C7,10.4477153 7.44771525,10 8,10 L19.1153581,10 C19.6676429,10 20.1153581,10.4477153 20.1153581,11 C20.1153581,11.5522847 19.6676429,12 19.1153581,12 L8,12 Z M8,17.3368884 C7.44771525,17.3368884 7,16.8891732 7,16.3368884 C7,15.7846037 7.44771525,15.3368884 8,15.3368884 L14.7200696,15.3368884 C15.2723543,15.3368884 15.7200696,15.7846037 15.7200696,16.3368884 C15.7200696,16.8891732 15.2723543,17.3368884 14.7200696,17.3368884 L8,17.3368884 Z M8,23 C7.44771525,23 7,22.5522847 7,22 C7,21.4477153 7.44771525,21 8,21 L19.1153581,21 C19.6676429,21 20.1153581,21.4477153 20.1153581,22 C20.1153581,22.5522847 19.6676429,23 19.1153581,23 L8,23 Z" fill="#000000" fill-rule="nonzero"></path></g></g></svg></div> <div class="pdl-product-detail_list-tooltip"><p>Add item to shopping list</p> <em></em></div></button></div></div></div> <!----></li> <!----><!----> <!----> <!----> <!----> <li tabindex="-1" data-product-id="143022" class="slot mobile-product-list-cell"><!----> <!----> <!----> <!----> <div class="mobile-product-list-cell_content"><div><!----> <div class="flag_outer-container"><!----> <!----> <!----> <!----></div></div> <div class="mobile-product-list-cell_left"><div><!----> <img src="data:image/svg+xml;base64,PD94bWwgdmVyc2lvbj0iMS4wIiBlbmNvZGluZz0idXRmLTgiPz4KPCEtLSBHZW5lcmF0ZWQgYnkgSWNvTW9vbi5pbyAtLT4KPCFET0NUWVBFIHN2ZyBQVUJMSUMgIi0vL1czQy8vRFREIFNWRyAxLjEvL0VOIiAiaHR0cDovL3d3dy53My5vcmcvR3JhcGhpY3MvU1ZHLzEuMS9EVEQvc3ZnMTEuZHRkIj4KPHN2ZyB2ZXJzaW9uPSIxLjEiIHhtbG5zPSJodHRwOi8vd3d3LnczLm9yZy8yMDAwL3N2ZyIgeG1sbnM6eGxpbms9Imh0dHA6Ly93d3cudzMub3JnLzE5OTkveGxpbmsiIHdpZHRoPSI0OCIgaGVpZ2h0PSI0OCIgdmlld0JveD0iMCAwIDQ4IDQ4Ij4KPGcgaWQ9Imljb21vb24taWdub3JlIj4KCTxsaW5lIHN0cm9rZS13aWR0aD0iMSIgeDE9IiIgeTE9IiIgeDI9IiIgeTI9IiIgc3Ryb2tlPSIjNDQ5RkRCIiBvcGFjaXR5PSIiPjwvbGluZT4KPC9nPgoJPHBhdGggZD0iTTM4LjQ4IDkuMDcwYzAuMjQ4IDAgMC40NSAwLjIwMiAwLjQ1IDAuNDV2MjguOTU5YzAgMC4yNDgtMC4yMDIgMC40NS0wLjQ1IDAuNDVoLTI4Ljk1OWMtMC4yNDggMC0wLjQ1LTAuMjAyLTAuNDUtMC40NXYtMjguOTU5YzAtMC4yNDggMC4yMDItMC40NSAwLjQ1LTAuNDVoMjguOTU5ek0zOC40OCA4aC0yOC45NTljLTAuODQgMC0xLjUyIDAuNjgxLTEuNTIgMS41MjF2MjguOTU5YzAgMC44NCAwLjY4MSAxLjUyMSAxLjUyIDEuNTIxaDI4Ljk1OWMwLjg0IDAgMS41Mi0wLjY4MSAxLjUyLTEuNTIxdi0yOC45NTljMC0wLjg0LTAuNjgxLTEuNTIxLTEuNTItMS41MjF2MHoiIG9wYWNpdHk9IjEiIHZpc2liaWxpdHk9ImZhbHNlIiBmaWxsPSIjZDdkN2Q3Ij48L3BhdGg+Cgk8cGF0aCBkPSJNMTIuMjI4IDM1LjIyNHYtMy4zMjljMC0wLjE0NSAwLjA1OC0wLjI4NSAwLjE2LTAuMzg4bDUuNTg3LTUuNTg3YzAuMjE0LTAuMjE0IDAuNTYxLTAuMjE0IDAuNzc1IDBsMi4xMTkgMi4xMTljMC4yMTQgMC4yMTQgMC41NjEgMC4yMTQgMC43NzUgMGw4LjE5MS04LjE5MmMwLjIxNC0wLjIxNCAwLjU2MS0wLjIxNCAwLjc3NSAwbDUgNWMwLjEwMyAwLjEwMyAwLjE2IDAuMjQyIDAuMTYgMC4zODh2OS45ODhjMCAwLjMwMy0wLjI0NSAwLjU0OC0wLjU0OCAwLjU0OGgtMjIuNDQ3Yy0wLjMwMyAwLTAuNTQ4LTAuMjQ1LTAuNTQ4LTAuNTQ4eiIgb3BhY2l0eT0iMSIgdmlzaWJpbGl0eT0iZmFsc2UiIGZpbGw9IiNkN2Q3ZDciPjwvcGF0aD4KCTxwYXRoIGQ9Ik0yMS41NDQgMTcuOTY3YzAgMS45ODItMS42MDYgMy41ODgtMy41ODggMy41ODhzLTMuNTg4LTEuNjA2LTMuNTg4LTMuNTg4YzAtMS45ODEgMS42MDYtMy41ODggMy41ODgtMy41ODhzMy41ODggMS42MDYgMy41ODggMy41ODh6IiBvcGFjaXR5PSIxIiB2aXNpYmlsaXR5PSJmYWxzZSIgZmlsbD0iI2Q3ZDdkNyI+PC9wYXRoPgo8L3N2Zz4K" alt="Banquet Brown 'N Serve Vermont Maple Sausage Links - 10 ct Frozen" skeleton-box-size="9rem" class="product-grid-image object-contain"></div></div> <div class="mobile-product-list-cell_info"><div class="product-tile_detail"><div class="skeleton-loader_wrapper cursor-pointer"><div class="product-grid-cell_price-container product-grid-cell_price-container--mobile"><span class="product-grid-cell_main-price"><!---->
    $2.49
  </span> <!----></div> <!----></div> <!----></div> <div class="mobile-product-list-cell_name-content"><div class="skeleton-loader_wrapper"><div class="product-grid-cell_name"><a id="product-name-143022-16760862937959895" href="#" data-opens-modal="true" aria-haspopup="dialog" class="product-grid-cell_name-text product-grid-cell_name-text--clamp-2"><!---->
    Banquet Brown 'N Serve Vermont Maple Sausage Links - 10 ct Frozen
  </a></div> <!----> <!----></div> <div class="skeleton-loader_wrapper"><div class="product-grid-cell_sizes"><span class="product-grid-cell_size">
    6.4 OZ BOX
  </span> <span aria-hidden="true">
    |
  </span> <!----> <span class="product-grid-cell_unit">
    $6.23 / LB
  </span></div> <!----></div> <!----> <!----> <!----> <!----> <!----> <!----> <!----></div> <div class="mobile-product-list-cell_bottom"><div class="mobile-product-list-cell_bottom_cart-ui-wrapper"><!----> <!----> <div class="pdl-add-to-cart"><div class="pdl-add-to-cart_button"><button aria-label="Add to cart" data-product-id="143022" data-price="2.49" class="button button--add-to-cart">
      Add to cart
      <!----></button> <!----> <!----> <!----></div> <!----></div></div> <!----></div></div></div> <div class="product-tile_action-items"><!----> <!----> <div class="shopping-list-menu_container"><div class="relative-el"><button aria-label="add to shopping list" class="button pdl-product-detail_top-icon button--fourth pdl-product-detail_top-icon--borderless"><!----> <div class="vector-icon-size--large"><svg xmlns="http://www.w3.org/2000/svg" aria-label="Shopping List Icon Add" viewBox="0 0 32 32" role="presentation" aria-hidden="true" focusable="false" class="vector-icon-color--dark-grey"><title lang="en">Shopping List Icon Add</title><desc></desc><g fill="" stroke=""><g><path d="M21.94066,15.3368884 L21.94066,12.8931995 C21.94066,12.3409148 22.3883752,11.8931995 22.94066,11.8931995 C23.4929447,11.8931995 23.94066,12.3409148 23.94066,12.8931995 L23.94066,15.3368884 L26.2522624,15.3368884 C26.8045471,15.3368884 27.2522624,15.7846037 27.2522624,16.3368884 C27.2522624,16.8891732 26.8045471,17.3368884 26.2522624,17.3368884 L23.94066,17.3368884 L23.94066,19.8787952 C23.94066,20.43108 23.4929447,20.8787952 22.94066,20.8787952 C22.3883752,20.8787952 21.94066,20.43108 21.94066,19.8787952 L21.94066,17.3368884 L19.2666667,17.3368884 C18.7143819,17.3368884 18.2666667,16.8891732 18.2666667,16.3368884 C18.2666667,15.7846037 18.7143819,15.3368884 19.2666667,15.3368884 L21.94066,15.3368884 Z M8,12 C7.44771525,12 7,11.5522847 7,11 C7,10.4477153 7.44771525,10 8,10 L19.1153581,10 C19.6676429,10 20.1153581,10.4477153 20.1153581,11 C20.1153581,11.5522847 19.6676429,12 19.1153581,12 L8,12 Z M8,17.3368884 C7.44771525,17.3368884 7,16.8891732 7,16.3368884 C7,15.7846037 7.44771525,15.3368884 8,15.3368884 L14.7200696,15.3368884 C15.2723543,15.3368884 15.7200696,15.7846037 15.7200696,16.3368884 C15.7200696,16.8891732 15.2723543,17.3368884 14.7200696,17.3368884 L8,17.3368884 Z M8,23 C7.44771525,23 7,22.5522847 7,22 C7,21.4477153 7.44771525,21 8,21 L19.1153581,21 C19.6676429,21 20.1153581,21.4477153 20.1153581,22 C20.1153581,22.5522847 19.6676429,23 19.1153581,23 L8,23 Z" fill="#000000" fill-rule="nonzero"></path></g></g></svg></div> <div class="pdl-product-detail_list-tooltip"><p>Add item to shopping list</p> <em></em></div></button></div></div></div> <!----></li> <!----><!----> <!----> <!----> <!----> <li tabindex="-1" data-product-id="57766" class="slot mobile-product-list-cell"><!----> <!----> <!----> <!----> <div class="mobile-product-list-cell_content"><div><!----> <div class="flag_outer-container"><!----> <!----> <!----> <!----></div></div> <div class="mobile-product-list-cell_left"><div><!----> <img src="data:image/svg+xml;base64,PD94bWwgdmVyc2lvbj0iMS4wIiBlbmNvZGluZz0idXRmLTgiPz4KPCEtLSBHZW5lcmF0ZWQgYnkgSWNvTW9vbi5pbyAtLT4KPCFET0NUWVBFIHN2ZyBQVUJMSUMgIi0vL1czQy8vRFREIFNWRyAxLjEvL0VOIiAiaHR0cDovL3d3dy53My5vcmcvR3JhcGhpY3MvU1ZHLzEuMS9EVEQvc3ZnMTEuZHRkIj4KPHN2ZyB2ZXJzaW9uPSIxLjEiIHhtbG5zPSJodHRwOi8vd3d3LnczLm9yZy8yMDAwL3N2ZyIgeG1sbnM6eGxpbms9Imh0dHA6Ly93d3cudzMub3JnLzE5OTkveGxpbmsiIHdpZHRoPSI0OCIgaGVpZ2h0PSI0OCIgdmlld0JveD0iMCAwIDQ4IDQ4Ij4KPGcgaWQ9Imljb21vb24taWdub3JlIj4KCTxsaW5lIHN0cm9rZS13aWR0aD0iMSIgeDE9IiIgeTE9IiIgeDI9IiIgeTI9IiIgc3Ryb2tlPSIjNDQ5RkRCIiBvcGFjaXR5PSIiPjwvbGluZT4KPC9nPgoJPHBhdGggZD0iTTM4LjQ4IDkuMDcwYzAuMjQ4IDAgMC40NSAwLjIwMiAwLjQ1IDAuNDV2MjguOTU5YzAgMC4yNDgtMC4yMDIgMC40NS0wLjQ1IDAuNDVoLTI4Ljk1OWMtMC4yNDggMC0wLjQ1LTAuMjAyLTAuNDUtMC40NXYtMjguOTU5YzAtMC4yNDggMC4yMDItMC40NSAwLjQ1LTAuNDVoMjguOTU5ek0zOC40OCA4aC0yOC45NTljLTAuODQgMC0xLjUyIDAuNjgxLTEuNTIgMS41MjF2MjguOTU5YzAgMC44NCAwLjY4MSAxLjUyMSAxLjUyIDEuNTIxaDI4Ljk1OWMwLjg0IDAgMS41Mi0wLjY4MSAxLjUyLTEuNTIxdi0yOC45NTljMC0wLjg0LTAuNjgxLTEuNTIxLTEuNTItMS41MjF2MHoiIG9wYWNpdHk9IjEiIHZpc2liaWxpdHk9ImZhbHNlIiBmaWxsPSIjZDdkN2Q3Ij48L3BhdGg+Cgk8cGF0aCBkPSJNMTIuMjI4IDM1LjIyNHYtMy4zMjljMC0wLjE0NSAwLjA1OC0wLjI4NSAwLjE2LTAuMzg4bDUuNTg3LTUuNTg3YzAuMjE0LTAuMjE0IDAuNTYxLTAuMjE0IDAuNzc1IDBsMi4xMTkgMi4xMTljMC4yMTQgMC4yMTQgMC41NjEgMC4yMTQgMC43NzUgMGw4LjE5MS04LjE5MmMwLjIxNC0wLjIxNCAwLjU2MS0wLjIxNCAwLjc3NSAwbDUgNWMwLjEwMyAwLjEwMyAwLjE2IDAuMjQyIDAuMTYgMC4zODh2OS45ODhjMCAwLjMwMy0wLjI0NSAwLjU0OC0wLjU0OCAwLjU0OGgtMjIuNDQ3Yy0wLjMwMyAwLTAuNTQ4LTAuMjQ1LTAuNTQ4LTAuNTQ4eiIgb3BhY2l0eT0iMSIgdmlzaWJpbGl0eT0iZmFsc2UiIGZpbGw9IiNkN2Q3ZDciPjwvcGF0aD4KCTxwYXRoIGQ9Ik0yMS41NDQgMTcuOTY3YzAgMS45ODItMS42MDYgMy41ODgtMy41ODggMy41ODhzLTMuNTg4LTEuNjA2LTMuNTg4LTMuNTg4YzAtMS45ODEgMS42MDYtMy41ODggMy41ODgtMy41ODhzMy41ODggMS42MDYgMy41ODggMy41ODh6IiBvcGFjaXR5PSIxIiB2aXNpYmlsaXR5PSJmYWxzZSIgZmlsbD0iI2Q3ZDdkNyI+PC9wYXRoPgo8L3N2Zz4K" alt="Stop &amp; Shop Cream Cheese Brick" skeleton-box-size="9rem" class="product-grid-image object-contain"></div></div> <div class="mobile-product-list-cell_info"><div class="product-tile_detail"><div class="skeleton-loader_wrapper cursor-pointer"><div class="product-grid-cell_price-container product-grid-cell_price-container--mobile"><span class="product-grid-cell_main-price"><!---->
    $2.49
  </span> <!----></div> <!----></div> <!----></div> <div class="mobile-product-list-cell_name-content"><div class="skeleton-loader_wrapper"><div class="product-grid-cell_name"><a id="product-name-57766-16760862937988526" href="#" data-opens-modal="true" aria-haspopup="dialog" class="product-grid-cell_name-text product-grid-cell_name-text--clamp-2"><span class="vector-icon_inline-text--left mr-0"><div class="vector-icon-size--xsmall"><svg xmlns="http://www.w3.org/2000/svg" aria-label="Ahold Icon" viewBox="0 0 1024 945" role="presentation" aria-hidden="true" focusable="false" class=""><title lang="en">Ahold Icon</title><desc></desc><g fill="" stroke=""><g><path d="M1.893 730.617c-1.289-2.094-2.052-4.631-2.052-7.346 0-.747.058-1.481.169-2.197.158-12.396 10.227-22.466 22.687-22.634h895.306c12.476.168 22.545 10.237 22.713 22.698-.521 3.721-1.182 6.924-2.024 10.053l.131-.574c-86.363 175.072-263.598 293.385-468.466 293.385S88.254 905.689 3.252 733.663l-1.361-3.046z" fill="#F7A800" class="path1"></path> <path d="M107.889 132.495c1.893-1.893 1.893-3.786 3.786-5.678 2.98-3.491 7.385-5.69 12.303-5.69s9.323 2.199 12.284 5.668l.019.022L613.264 603.8c3.491 2.98 5.69 7.385 5.69 12.303s-2.199 9.323-5.668 12.284c-1.399 1.869-3.361 3.216-5.631 3.789l-.069.015c-38.446 13.732-82.796 21.669-129.001 21.669-108.416 0-206.626-43.699-277.977-114.443C130.241 467.591 86.799 369.1 86.799 260.462c0-45.803 7.722-89.803 21.936-130.767l-.845 2.8z" fill="#E2231A" class="path2"></path> <path d="M600.015 1.893a6.922 6.922 0 0 1 5.713-1.889c.057-.006.164-.007.272-.007 7.15 0 12.947 5.796 12.947 12.947 0 .108-.001.215-.004.322v-.016 503.482c.002.091.004.199.004.306 0 7.15-5.796 12.947-12.947 12.947-.108 0-.215-.001-.322-.004a6.925 6.925 0 0 1-5.665-1.895l.002.002c-98.273-48.542-164.673-148.065-164.673-263.098S501.743 50.434 598.306 2.657l1.709-.765z" fill="#712177" class="path3"></path> <path d="M938.824 283.919c1.893 0 1.893 1.893 3.786 1.893 1.765 2.012 2.841 4.666 2.841 7.571s-1.077 5.559-2.853 7.584l.011-.013-268.776 266.884c-2.012 1.765-4.666 2.841-7.571 2.841s-5.559-1.077-7.584-2.853a3.774 3.774 0 0 1-1.877-3.793l-.002.019c-7.681-21.529-12.12-46.363-12.12-72.235 0-61.263 24.891-116.712 65.111-156.786 39.326-39.792 93.895-64.431 154.219-64.431 26.857 0 52.573 4.884 76.309 13.812l-1.494-.493z" fill="#82BC00" class="path4"></path></g></g></svg></div></span>
    Stop &amp; Shop Cream Cheese Brick
  </a></div> <!----> <!----></div> <div class="skeleton-loader_wrapper"><div class="product-grid-cell_sizes"><span class="product-grid-cell_size">
    8 OZ BAR
  </span> <span aria-hidden="true">
    |
  </span> <!----> <span class="product-grid-cell_unit">
    $4.98 / LB
  </span></div> <!----></div> <!----> <!----> <!----> <!----> <!----> <!----> <!----></div> <div class="mobile-product-list-cell_bottom"><div class="mobile-product-list-cell_bottom_cart-ui-wrapper"><!----> <!----> <div class="pdl-add-to-cart"><div class="pdl-add-to-cart_button"><button aria-label="Add to cart" data-product-id="57766" data-price="2.49" class="button button--add-to-cart">
      Add to cart
      <!----></button> <!----> <!----> <!----></div> <!----></div></div> <!----></div></div></div> <div class="product-tile_action-items"><!----> <!----> <div class="shopping-list-menu_container"><div class="relative-el"><button aria-label="add to shopping list" class="button pdl-product-detail_top-icon button--fourth pdl-product-detail_top-icon--borderless"><!----> <div class="vector-icon-size--large"><svg xmlns="http://www.w3.org/2000/svg" aria-label="Shopping List Icon Add" viewBox="0 0 32 32" role="presentation" aria-hidden="true" focusable="false" class="vector-icon-color--dark-grey"><title lang="en">Shopping List Icon Add</title><desc></desc><g fill="" stroke=""><g><path d="M21.94066,15.3368884 L21.94066,12.8931995 C21.94066,12.3409148 22.3883752,11.8931995 22.94066,11.8931995 C23.4929447,11.8931995 23.94066,12.3409148 23.94066,12.8931995 L23.94066,15.3368884 L26.2522624,15.3368884 C26.8045471,15.3368884 27.2522624,15.7846037 27.2522624,16.3368884 C27.2522624,16.8891732 26.8045471,17.3368884 26.2522624,17.3368884 L23.94066,17.3368884 L23.94066,19.8787952 C23.94066,20.43108 23.4929447,20.8787952 22.94066,20.8787952 C22.3883752,20.8787952 21.94066,20.43108 21.94066,19.8787952 L21.94066,17.3368884 L19.2666667,17.3368884 C18.7143819,17.3368884 18.2666667,16.8891732 18.2666667,16.3368884 C18.2666667,15.7846037 18.7143819,15.3368884 19.2666667,15.3368884 L21.94066,15.3368884 Z M8,12 C7.44771525,12 7,11.5522847 7,11 C7,10.4477153 7.44771525,10 8,10 L19.1153581,10 C19.6676429,10 20.1153581,10.4477153 20.1153581,11 C20.1153581,11.5522847 19.6676429,12 19.1153581,12 L8,12 Z M8,17.3368884 C7.44771525,17.3368884 7,16.8891732 7,16.3368884 C7,15.7846037 7.44771525,15.3368884 8,15.3368884 L14.7200696,15.3368884 C15.2723543,15.3368884 15.7200696,15.7846037 15.7200696,16.3368884 C15.7200696,16.8891732 15.2723543,17.3368884 14.7200696,17.3368884 L8,17.3368884 Z M8,23 C7.44771525,23 7,22.5522847 7,22 C7,21.4477153 7.44771525,21 8,21 L19.1153581,21 C19.6676429,21 20.1153581,21.4477153 20.1153581,22 C20.1153581,22.5522847 19.6676429,23 19.1153581,23 L8,23 Z" fill="#000000" fill-rule="nonzero"></path></g></g></svg></div> <div class="pdl-product-detail_list-tooltip"><p>Add item to shopping list</p> <em></em></div></button></div></div></div> <!----></li> <!----><!----> <!----> <!----> <!----> <li tabindex="-1" data-product-id="118627" class="slot mobile-product-list-cell"><!----> <!----> <!----> <!----> <div class="mobile-product-list-cell_content"><div><!----> <div class="flag_outer-container"><!----> <!----> <!----> <!----></div></div> <div class="mobile-product-list-cell_left"><div><!----> <img src="data:image/svg+xml;base64,PD94bWwgdmVyc2lvbj0iMS4wIiBlbmNvZGluZz0idXRmLTgiPz4KPCEtLSBHZW5lcmF0ZWQgYnkgSWNvTW9vbi5pbyAtLT4KPCFET0NUWVBFIHN2ZyBQVUJMSUMgIi0vL1czQy8vRFREIFNWRyAxLjEvL0VOIiAiaHR0cDovL3d3dy53My5vcmcvR3JhcGhpY3MvU1ZHLzEuMS9EVEQvc3ZnMTEuZHRkIj4KPHN2ZyB2ZXJzaW9uPSIxLjEiIHhtbG5zPSJodHRwOi8vd3d3LnczLm9yZy8yMDAwL3N2ZyIgeG1sbnM6eGxpbms9Imh0dHA6Ly93d3cudzMub3JnLzE5OTkveGxpbmsiIHdpZHRoPSI0OCIgaGVpZ2h0PSI0OCIgdmlld0JveD0iMCAwIDQ4IDQ4Ij4KPGcgaWQ9Imljb21vb24taWdub3JlIj4KCTxsaW5lIHN0cm9rZS13aWR0aD0iMSIgeDE9IiIgeTE9IiIgeDI9IiIgeTI9IiIgc3Ryb2tlPSIjNDQ5RkRCIiBvcGFjaXR5PSIiPjwvbGluZT4KPC9nPgoJPHBhdGggZD0iTTM4LjQ4IDkuMDcwYzAuMjQ4IDAgMC40NSAwLjIwMiAwLjQ1IDAuNDV2MjguOTU5YzAgMC4yNDgtMC4yMDIgMC40NS0wLjQ1IDAuNDVoLTI4Ljk1OWMtMC4yNDggMC0wLjQ1LTAuMjAyLTAuNDUtMC40NXYtMjguOTU5YzAtMC4yNDggMC4yMDItMC40NSAwLjQ1LTAuNDVoMjguOTU5ek0zOC40OCA4aC0yOC45NTljLTAuODQgMC0xLjUyIDAuNjgxLTEuNTIgMS41MjF2MjguOTU5YzAgMC44NCAwLjY4MSAxLjUyMSAxLjUyIDEuNTIxaDI4Ljk1OWMwLjg0IDAgMS41Mi0wLjY4MSAxLjUyLTEuNTIxdi0yOC45NTljMC0wLjg0LTAuNjgxLTEuNTIxLTEuNTItMS41MjF2MHoiIG9wYWNpdHk9IjEiIHZpc2liaWxpdHk9ImZhbHNlIiBmaWxsPSIjZDdkN2Q3Ij48L3BhdGg+Cgk8cGF0aCBkPSJNMTIuMjI4IDM1LjIyNHYtMy4zMjljMC0wLjE0NSAwLjA1OC0wLjI4NSAwLjE2LTAuMzg4bDUuNTg3LTUuNTg3YzAuMjE0LTAuMjE0IDAuNTYxLTAuMjE0IDAuNzc1IDBsMi4xMTkgMi4xMTljMC4yMTQgMC4yMTQgMC41NjEgMC4yMTQgMC43NzUgMGw4LjE5MS04LjE5MmMwLjIxNC0wLjIxNCAwLjU2MS0wLjIxNCAwLjc3NSAwbDUgNWMwLjEwMyAwLjEwMyAwLjE2IDAuMjQyIDAuMTYgMC4zODh2OS45ODhjMCAwLjMwMy0wLjI0NSAwLjU0OC0wLjU0OCAwLjU0OGgtMjIuNDQ3Yy0wLjMwMyAwLTAuNTQ4LTAuMjQ1LTAuNTQ4LTAuNTQ4eiIgb3BhY2l0eT0iMSIgdmlzaWJpbGl0eT0iZmFsc2UiIGZpbGw9IiNkN2Q3ZDciPjwvcGF0aD4KCTxwYXRoIGQ9Ik0yMS41NDQgMTcuOTY3YzAgMS45ODItMS42MDYgMy41ODgtMy41ODggMy41ODhzLTMuNTg4LTEuNjA2LTMuNTg4LTMuNTg4YzAtMS45ODEgMS42MDYtMy41ODggMy41ODgtMy41ODhzMy41ODggMS42MDYgMy41ODggMy41ODh6IiBvcGFjaXR5PSIxIiB2aXNpYmlsaXR5PSJmYWxzZSIgZmlsbD0iI2Q3ZDdkNyI+PC9wYXRoPgo8L3N2Zz4K" alt="Tomatoes Vine-Ripened Large" skeleton-box-size="9rem" class="product-grid-image object-contain"></div></div> <div class="mobile-product-list-cell_info"><div class="product-tile_detail"><div class="skeleton-loader_wrapper cursor-pointer"><div class="product-grid-cell_price-container product-grid-cell_price-container--mobile"><span class="product-grid-cell_main-price"><!---->
    $2.39
  </span> <!----></div> <!----></div> <!----></div> <div class="mobile-product-list-cell_name-content"><div class="skeleton-loader_wrapper"><div class="product-grid-cell_name"><a id="product-name-118627-16760862938010411" href="#" data-opens-modal="true" aria-haspopup="dialog" class="product-grid-cell_name-text product-grid-cell_name-text--clamp-2"><!---->
    Tomatoes Vine-Ripened Large
  </a></div> <!----> <!----></div> <div class="skeleton-loader_wrapper"><div class="product-grid-cell_sizes"><span class="product-grid-cell_size">
    1 EA
  </span> <span aria-hidden="true">
    |
  </span> <!----> <span class="product-grid-cell_unit">
    $2.39 / EA
  </span></div> <!----></div> <!----> <!----> <!----> <!----> <!----> <!----> <!----></div> <div class="mobile-product-list-cell_bottom"><div class="mobile-product-list-cell_bottom_cart-ui-wrapper"><!----> <!----> <div class="pdl-add-to-cart"><div class="pdl-add-to-cart_button"><button aria-label="Add to cart" data-product-id="118627" data-price="2.39" class="button button--add-to-cart">
      Add to cart
      <!----></button> <!----> <!----> <!----></div> <!----></div></div> <!----></div></div></div> <div class="product-tile_action-items"><!----> <!----> <div class="shopping-list-menu_container"><div class="relative-el"><button aria-label="add to shopping list" class="button pdl-product-detail_top-icon button--fourth pdl-product-detail_top-icon--borderless"><!----> <div class="vector-icon-size--large"><svg xmlns="http://www.w3.org/2000/svg" aria-label="Shopping List Icon Add" viewBox="0 0 32 32" role="presentation" aria-hidden="true" focusable="false" class="vector-icon-color--dark-grey"><title lang="en">Shopping List Icon Add</title><desc></desc><g fill="" stroke=""><g><path d="M21.94066,15.3368884 L21.94066,12.8931995 C21.94066,12.3409148 22.3883752,11.8931995 22.94066,11.8931995 C23.4929447,11.8931995 23.94066,12.3409148 23.94066,12.8931995 L23.94066,15.3368884 L26.2522624,15.3368884 C26.8045471,15.3368884 27.2522624,15.7846037 27.2522624,16.3368884 C27.2522624,16.8891732 26.8045471,17.3368884 26.2522624,17.3368884 L23.94066,17.3368884 L23.94066,19.8787952 C23.94066,20.43108 23.4929447,20.8787952 22.94066,20.8787952 C22.3883752,20.8787952 21.94066,20.43108 21.94066,19.8787952 L21.94066,17.3368884 L19.2666667,17.3368884 C18.7143819,17.3368884 18.2666667,16.8891732 18.2666667,16.3368884 C18.2666667,15.7846037 18.7143819,15.3368884 19.2666667,15.3368884 L21.94066,15.3368884 Z M8,12 C7.44771525,12 7,11.5522847 7,11 C7,10.4477153 7.44771525,10 8,10 L19.1153581,10 C19.6676429,10 20.1153581,10.4477153 20.1153581,11 C20.1153581,11.5522847 19.6676429,12 19.1153581,12 L8,12 Z M8,17.3368884 C7.44771525,17.3368884 7,16.8891732 7,16.3368884 C7,15.7846037 7.44771525,15.3368884 8,15.3368884 L14.7200696,15.3368884 C15.2723543,15.3368884 15.7200696,15.7846037 15.7200696,16.3368884 C15.7200696,16.8891732 15.2723543,17.3368884 14.7200696,17.3368884 L8,17.3368884 Z M8,23 C7.44771525,23 7,22.5522847 7,22 C7,21.4477153 7.44771525,21 8,21 L19.1153581,21 C19.6676429,21 20.1153581,21.4477153 20.1153581,22 C20.1153581,22.5522847 19.6676429,23 19.1153581,23 L8,23 Z" fill="#000000" fill-rule="nonzero"></path></g></g></svg></div> <div class="pdl-product-detail_list-tooltip"><p>Add item to shopping list</p> <em></em></div></button></div></div></div> <!----></li> <!----><!----> <!----> <!----> <!----> <li tabindex="-1" data-product-id="1247" class="slot mobile-product-list-cell"><!----> <!----> <!----> <!----> <div class="mobile-product-list-cell_content"><div><!----> <div class="flag_outer-container"><!----> <!----> <!----> <!----></div></div> <div class="mobile-product-list-cell_left"><div><!----> <img src="data:image/svg+xml;base64,PD94bWwgdmVyc2lvbj0iMS4wIiBlbmNvZGluZz0idXRmLTgiPz4KPCEtLSBHZW5lcmF0ZWQgYnkgSWNvTW9vbi5pbyAtLT4KPCFET0NUWVBFIHN2ZyBQVUJMSUMgIi0vL1czQy8vRFREIFNWRyAxLjEvL0VOIiAiaHR0cDovL3d3dy53My5vcmcvR3JhcGhpY3MvU1ZHLzEuMS9EVEQvc3ZnMTEuZHRkIj4KPHN2ZyB2ZXJzaW9uPSIxLjEiIHhtbG5zPSJodHRwOi8vd3d3LnczLm9yZy8yMDAwL3N2ZyIgeG1sbnM6eGxpbms9Imh0dHA6Ly93d3cudzMub3JnLzE5OTkveGxpbmsiIHdpZHRoPSI0OCIgaGVpZ2h0PSI0OCIgdmlld0JveD0iMCAwIDQ4IDQ4Ij4KPGcgaWQ9Imljb21vb24taWdub3JlIj4KCTxsaW5lIHN0cm9rZS13aWR0aD0iMSIgeDE9IiIgeTE9IiIgeDI9IiIgeTI9IiIgc3Ryb2tlPSIjNDQ5RkRCIiBvcGFjaXR5PSIiPjwvbGluZT4KPC9nPgoJPHBhdGggZD0iTTM4LjQ4IDkuMDcwYzAuMjQ4IDAgMC40NSAwLjIwMiAwLjQ1IDAuNDV2MjguOTU5YzAgMC4yNDgtMC4yMDIgMC40NS0wLjQ1IDAuNDVoLTI4Ljk1OWMtMC4yNDggMC0wLjQ1LTAuMjAyLTAuNDUtMC40NXYtMjguOTU5YzAtMC4yNDggMC4yMDItMC40NSAwLjQ1LTAuNDVoMjguOTU5ek0zOC40OCA4aC0yOC45NTljLTAuODQgMC0xLjUyIDAuNjgxLTEuNTIgMS41MjF2MjguOTU5YzAgMC44NCAwLjY4MSAxLjUyMSAxLjUyIDEuNTIxaDI4Ljk1OWMwLjg0IDAgMS41Mi0wLjY4MSAxLjUyLTEuNTIxdi0yOC45NTljMC0wLjg0LTAuNjgxLTEuNTIxLTEuNTItMS41MjF2MHoiIG9wYWNpdHk9IjEiIHZpc2liaWxpdHk9ImZhbHNlIiBmaWxsPSIjZDdkN2Q3Ij48L3BhdGg+Cgk8cGF0aCBkPSJNMTIuMjI4IDM1LjIyNHYtMy4zMjljMC0wLjE0NSAwLjA1OC0wLjI4NSAwLjE2LTAuMzg4bDUuNTg3LTUuNTg3YzAuMjE0LTAuMjE0IDAuNTYxLTAuMjE0IDAuNzc1IDBsMi4xMTkgMi4xMTljMC4yMTQgMC4yMTQgMC41NjEgMC4yMTQgMC43NzUgMGw4LjE5MS04LjE5MmMwLjIxNC0wLjIxNCAwLjU2MS0wLjIxNCAwLjc3NSAwbDUgNWMwLjEwMyAwLjEwMyAwLjE2IDAuMjQyIDAuMTYgMC4zODh2OS45ODhjMCAwLjMwMy0wLjI0NSAwLjU0OC0wLjU0OCAwLjU0OGgtMjIuNDQ3Yy0wLjMwMyAwLTAuNTQ4LTAuMjQ1LTAuNTQ4LTAuNTQ4eiIgb3BhY2l0eT0iMSIgdmlzaWJpbGl0eT0iZmFsc2UiIGZpbGw9IiNkN2Q3ZDciPjwvcGF0aD4KCTxwYXRoIGQ9Ik0yMS41NDQgMTcuOTY3YzAgMS45ODItMS42MDYgMy41ODgtMy41ODggMy41ODhzLTMuNTg4LTEuNjA2LTMuNTg4LTMuNTg4YzAtMS45ODEgMS42MDYtMy41ODggMy41ODgtMy41ODhzMy41ODggMS42MDYgMy41ODggMy41ODh6IiBvcGFjaXR5PSIxIiB2aXNpYmlsaXR5PSJmYWxzZSIgZmlsbD0iI2Q3ZDdkNyI+PC9wYXRoPgo8L3N2Zz4K" alt="Canada Dry Ginger Ale Soda Caffeine Free" skeleton-box-size="9rem" class="product-grid-image object-contain"></div></div> <div class="mobile-product-list-cell_info"><div class="product-tile_detail"><div class="skeleton-loader_wrapper cursor-pointer"><div class="product-grid-cell_price-container product-grid-cell_price-container--mobile"><span class="product-grid-cell_main-price"><!---->
    $2.99
  </span> <!----></div> <!----></div> <!----></div> <div class="mobile-product-list-cell_name-content"><div class="skeleton-loader_wrapper"><div class="product-grid-cell_name"><a id="product-name-1247-16760862938062256" href="#" data-opens-modal="true" aria-haspopup="dialog" class="product-grid-cell_name-text product-grid-cell_name-text--clamp-2"><!---->
    Canada Dry Ginger Ale Soda Caffeine Free
  </a></div> <!----> <!----></div> <div class="skeleton-loader_wrapper"><div class="product-grid-cell_sizes"><span class="product-grid-cell_size">
    2 LTR BTL
  </span> <span aria-hidden="true">
    |
  </span> <!----> <span class="product-grid-cell_unit">
    $0.04 / OZ
  </span></div> <!----></div> <!----> <div id="coupon-link-1247-16760862938062256" tabindex="0" role="link" aria-label="Open coupon details" data-opens-modal="true" class="product-tile_coupon-offer product-tile_coupon-offer-eci product-tile_coupon-offer--mobile" is-mobile="true"><div class="product-tile_coupon-offer-display"><!----> <div class="vector-icon_mobile-center"><!----></div> <div class="product-tile_coupon-offer-name flex-center product-tile_coupon-offer-name--full-tile"><!---->
      5/$8 when you buy 5 or more
    </div></div> <!----> <div class="product-tile_coupon-offer-loading-coupon"><!----></div></div> <!----> <!----> <!----> <!----> <!----></div> <div class="mobile-product-list-cell_bottom"><div class="mobile-product-list-cell_bottom_cart-ui-wrapper"><!----> <!----> <div class="pdl-add-to-cart"><div class="pdl-add-to-cart_button"><button aria-label="Add to cart" data-product-id="1247" data-price="2.99" class="button button--add-to-cart">
      Add to cart
      <!----></button> <!----> <!----> <!----></div> <!----></div></div> <!----></div></div></div> <div class="product-tile_action-items"><!----> <!----> <div class="shopping-list-menu_container"><div class="relative-el"><button aria-label="add to shopping list" class="button pdl-product-detail_top-icon button--fourth pdl-product-detail_top-icon--borderless"><!----> <div class="vector-icon-size--large"><svg xmlns="http://www.w3.org/2000/svg" aria-label="Shopping List Icon Add" viewBox="0 0 32 32" role="presentation" aria-hidden="true" focusable="false" class="vector-icon-color--dark-grey"><title lang="en">Shopping List Icon Add</title><desc></desc><g fill="" stroke=""><g><path d="M21.94066,15.3368884 L21.94066,12.8931995 C21.94066,12.3409148 22.3883752,11.8931995 22.94066,11.8931995 C23.4929447,11.8931995 23.94066,12.3409148 23.94066,12.8931995 L23.94066,15.3368884 L26.2522624,15.3368884 C26.8045471,15.3368884 27.2522624,15.7846037 27.2522624,16.3368884 C27.2522624,16.8891732 26.8045471,17.3368884 26.2522624,17.3368884 L23.94066,17.3368884 L23.94066,19.8787952 C23.94066,20.43108 23.4929447,20.8787952 22.94066,20.8787952 C22.3883752,20.8787952 21.94066,20.43108 21.94066,19.8787952 L21.94066,17.3368884 L19.2666667,17.3368884 C18.7143819,17.3368884 18.2666667,16.8891732 18.2666667,16.3368884 C18.2666667,15.7846037 18.7143819,15.3368884 19.2666667,15.3368884 L21.94066,15.3368884 Z M8,12 C7.44771525,12 7,11.5522847 7,11 C7,10.4477153 7.44771525,10 8,10 L19.1153581,10 C19.6676429,10 20.1153581,10.4477153 20.1153581,11 C20.1153581,11.5522847 19.6676429,12 19.1153581,12 L8,12 Z M8,17.3368884 C7.44771525,17.3368884 7,16.8891732 7,16.3368884 C7,15.7846037 7.44771525,15.3368884 8,15.3368884 L14.7200696,15.3368884 C15.2723543,15.3368884 15.7200696,15.7846037 15.7200696,16.3368884 C15.7200696,16.8891732 15.2723543,17.3368884 14.7200696,17.3368884 L8,17.3368884 Z M8,23 C7.44771525,23 7,22.5522847 7,22 C7,21.4477153 7.44771525,21 8,21 L19.1153581,21 C19.6676429,21 20.1153581,21.4477153 20.1153581,22 C20.1153581,22.5522847 19.6676429,23 19.1153581,23 L8,23 Z" fill="#000000" fill-rule="nonzero"></path></g></g></svg></div> <div class="pdl-product-detail_list-tooltip"><p>Add item to shopping list</p> <em></em></div></button></div></div></div> <!----></li> <!----><!----> <!----> <!----> <!----> <li tabindex="-1" data-product-id="56514" class="slot mobile-product-list-cell"><!----> <!----> <!----> <!----> <div class="mobile-product-list-cell_content"><div><!----> <div class="flag_outer-container"><!----> <!----> <!----> <!----></div></div> <div class="mobile-product-list-cell_left"><div><!----> <img src="data:image/svg+xml;base64,PD94bWwgdmVyc2lvbj0iMS4wIiBlbmNvZGluZz0idXRmLTgiPz4KPCEtLSBHZW5lcmF0ZWQgYnkgSWNvTW9vbi5pbyAtLT4KPCFET0NUWVBFIHN2ZyBQVUJMSUMgIi0vL1czQy8vRFREIFNWRyAxLjEvL0VOIiAiaHR0cDovL3d3dy53My5vcmcvR3JhcGhpY3MvU1ZHLzEuMS9EVEQvc3ZnMTEuZHRkIj4KPHN2ZyB2ZXJzaW9uPSIxLjEiIHhtbG5zPSJodHRwOi8vd3d3LnczLm9yZy8yMDAwL3N2ZyIgeG1sbnM6eGxpbms9Imh0dHA6Ly93d3cudzMub3JnLzE5OTkveGxpbmsiIHdpZHRoPSI0OCIgaGVpZ2h0PSI0OCIgdmlld0JveD0iMCAwIDQ4IDQ4Ij4KPGcgaWQ9Imljb21vb24taWdub3JlIj4KCTxsaW5lIHN0cm9rZS13aWR0aD0iMSIgeDE9IiIgeTE9IiIgeDI9IiIgeTI9IiIgc3Ryb2tlPSIjNDQ5RkRCIiBvcGFjaXR5PSIiPjwvbGluZT4KPC9nPgoJPHBhdGggZD0iTTM4LjQ4IDkuMDcwYzAuMjQ4IDAgMC40NSAwLjIwMiAwLjQ1IDAuNDV2MjguOTU5YzAgMC4yNDgtMC4yMDIgMC40NS0wLjQ1IDAuNDVoLTI4Ljk1OWMtMC4yNDggMC0wLjQ1LTAuMjAyLTAuNDUtMC40NXYtMjguOTU5YzAtMC4yNDggMC4yMDItMC40NSAwLjQ1LTAuNDVoMjguOTU5ek0zOC40OCA4aC0yOC45NTljLTAuODQgMC0xLjUyIDAuNjgxLTEuNTIgMS41MjF2MjguOTU5YzAgMC44NCAwLjY4MSAxLjUyMSAxLjUyIDEuNTIxaDI4Ljk1OWMwLjg0IDAgMS41Mi0wLjY4MSAxLjUyLTEuNTIxdi0yOC45NTljMC0wLjg0LTAuNjgxLTEuNTIxLTEuNTItMS41MjF2MHoiIG9wYWNpdHk9IjEiIHZpc2liaWxpdHk9ImZhbHNlIiBmaWxsPSIjZDdkN2Q3Ij48L3BhdGg+Cgk8cGF0aCBkPSJNMTIuMjI4IDM1LjIyNHYtMy4zMjljMC0wLjE0NSAwLjA1OC0wLjI4NSAwLjE2LTAuMzg4bDUuNTg3LTUuNTg3YzAuMjE0LTAuMjE0IDAuNTYxLTAuMjE0IDAuNzc1IDBsMi4xMTkgMi4xMTljMC4yMTQgMC4yMTQgMC41NjEgMC4yMTQgMC43NzUgMGw4LjE5MS04LjE5MmMwLjIxNC0wLjIxNCAwLjU2MS0wLjIxNCAwLjc3NSAwbDUgNWMwLjEwMyAwLjEwMyAwLjE2IDAuMjQyIDAuMTYgMC4zODh2OS45ODhjMCAwLjMwMy0wLjI0NSAwLjU0OC0wLjU0OCAwLjU0OGgtMjIuNDQ3Yy0wLjMwMyAwLTAuNTQ4LTAuMjQ1LTAuNTQ4LTAuNTQ4eiIgb3BhY2l0eT0iMSIgdmlzaWJpbGl0eT0iZmFsc2UiIGZpbGw9IiNkN2Q3ZDciPjwvcGF0aD4KCTxwYXRoIGQ9Ik0yMS41NDQgMTcuOTY3YzAgMS45ODItMS42MDYgMy41ODgtMy41ODggMy41ODhzLTMuNTg4LTEuNjA2LTMuNTg4LTMuNTg4YzAtMS45ODEgMS42MDYtMy41ODggMy41ODgtMy41ODhzMy41ODggMS42MDYgMy41ODggMy41ODh6IiBvcGFjaXR5PSIxIiB2aXNpYmlsaXR5PSJmYWxzZSIgZmlsbD0iI2Q3ZDdkNyI+PC9wYXRoPgo8L3N2Zz4K" alt="Stop &amp; Shop Spaghetti Pasta" skeleton-box-size="9rem" class="product-grid-image object-contain"></div></div> <div class="mobile-product-list-cell_info"><div class="product-tile_detail"><div class="skeleton-loader_wrapper cursor-pointer"><div class="product-grid-cell_price-container product-grid-cell_price-container--mobile"><span class="product-grid-cell_main-price"><!---->
    $1.69
  </span> <!----></div> <!----></div> <!----></div> <div class="mobile-product-list-cell_name-content"><div class="skeleton-loader_wrapper"><div class="product-grid-cell_name"><a id="product-name-56514-16760862938108072" href="#" data-opens-modal="true" aria-haspopup="dialog" class="product-grid-cell_name-text product-grid-cell_name-text--clamp-2"><span class="vector-icon_inline-text--left mr-0"><div class="vector-icon-size--xsmall"><svg xmlns="http://www.w3.org/2000/svg" aria-label="Ahold Icon" viewBox="0 0 1024 945" role="presentation" aria-hidden="true" focusable="false" class=""><title lang="en">Ahold Icon</title><desc></desc><g fill="" stroke=""><g><path d="M1.893 730.617c-1.289-2.094-2.052-4.631-2.052-7.346 0-.747.058-1.481.169-2.197.158-12.396 10.227-22.466 22.687-22.634h895.306c12.476.168 22.545 10.237 22.713 22.698-.521 3.721-1.182 6.924-2.024 10.053l.131-.574c-86.363 175.072-263.598 293.385-468.466 293.385S88.254 905.689 3.252 733.663l-1.361-3.046z" fill="#F7A800" class="path1"></path> <path d="M107.889 132.495c1.893-1.893 1.893-3.786 3.786-5.678 2.98-3.491 7.385-5.69 12.303-5.69s9.323 2.199 12.284 5.668l.019.022L613.264 603.8c3.491 2.98 5.69 7.385 5.69 12.303s-2.199 9.323-5.668 12.284c-1.399 1.869-3.361 3.216-5.631 3.789l-.069.015c-38.446 13.732-82.796 21.669-129.001 21.669-108.416 0-206.626-43.699-277.977-114.443C130.241 467.591 86.799 369.1 86.799 260.462c0-45.803 7.722-89.803 21.936-130.767l-.845 2.8z" fill="#E2231A" class="path2"></path> <path d="M600.015 1.893a6.922 6.922 0 0 1 5.713-1.889c.057-.006.164-.007.272-.007 7.15 0 12.947 5.796 12.947 12.947 0 .108-.001.215-.004.322v-.016 503.482c.002.091.004.199.004.306 0 7.15-5.796 12.947-12.947 12.947-.108 0-.215-.001-.322-.004a6.925 6.925 0 0 1-5.665-1.895l.002.002c-98.273-48.542-164.673-148.065-164.673-263.098S501.743 50.434 598.306 2.657l1.709-.765z" fill="#712177" class="path3"></path> <path d="M938.824 283.919c1.893 0 1.893 1.893 3.786 1.893 1.765 2.012 2.841 4.666 2.841 7.571s-1.077 5.559-2.853 7.584l.011-.013-268.776 266.884c-2.012 1.765-4.666 2.841-7.571 2.841s-5.559-1.077-7.584-2.853a3.774 3.774 0 0 1-1.877-3.793l-.002.019c-7.681-21.529-12.12-46.363-12.12-72.235 0-61.263 24.891-116.712 65.111-156.786 39.326-39.792 93.895-64.431 154.219-64.431 26.857 0 52.573 4.884 76.309 13.812l-1.494-.493z" fill="#82BC00" class="path4"></path></g></g></svg></div></span>
    Stop &amp; Shop Spaghetti Pasta
  </a></div> <!----> <!----></div> <div class="skeleton-loader_wrapper"><div class="product-grid-cell_sizes"><span class="product-grid-cell_size">
    16 OZ BOX
  </span> <span aria-hidden="true">
    |
  </span> <!----> <span class="product-grid-cell_unit">
    $0.11 / OZ
  </span></div> <!----></div> <!----> <!----> <!----> <!----> <!----> <!----> <!----></div> <div class="mobile-product-list-cell_bottom"><div class="mobile-product-list-cell_bottom_cart-ui-wrapper"><!----> <!----> <div class="pdl-add-to-cart"><div class="pdl-add-to-cart_button"><button aria-label="Add to cart" data-product-id="56514" data-price="1.69" class="button button--add-to-cart">
      Add to cart
      <!----></button> <!----> <!----> <!----></div> <!----></div></div> <!----></div></div></div> <div class="product-tile_action-items"><!----> <!----> <div class="shopping-list-menu_container"><div class="relative-el"><button aria-label="add to shopping list" class="button pdl-product-detail_top-icon button--fourth pdl-product-detail_top-icon--borderless"><!----> <div class="vector-icon-size--large"><svg xmlns="http://www.w3.org/2000/svg" aria-label="Shopping List Icon Add" viewBox="0 0 32 32" role="presentation" aria-hidden="true" focusable="false" class="vector-icon-color--dark-grey"><title lang="en">Shopping List Icon Add</title><desc></desc><g fill="" stroke=""><g><path d="M21.94066,15.3368884 L21.94066,12.8931995 C21.94066,12.3409148 22.3883752,11.8931995 22.94066,11.8931995 C23.4929447,11.8931995 23.94066,12.3409148 23.94066,12.8931995 L23.94066,15.3368884 L26.2522624,15.3368884 C26.8045471,15.3368884 27.2522624,15.7846037 27.2522624,16.3368884 C27.2522624,16.8891732 26.8045471,17.3368884 26.2522624,17.3368884 L23.94066,17.3368884 L23.94066,19.8787952 C23.94066,20.43108 23.4929447,20.8787952 22.94066,20.8787952 C22.3883752,20.8787952 21.94066,20.43108 21.94066,19.8787952 L21.94066,17.3368884 L19.2666667,17.3368884 C18.7143819,17.3368884 18.2666667,16.8891732 18.2666667,16.3368884 C18.2666667,15.7846037 18.7143819,15.3368884 19.2666667,15.3368884 L21.94066,15.3368884 Z M8,12 C7.44771525,12 7,11.5522847 7,11 C7,10.4477153 7.44771525,10 8,10 L19.1153581,10 C19.6676429,10 20.1153581,10.4477153 20.1153581,11 C20.1153581,11.5522847 19.6676429,12 19.1153581,12 L8,12 Z M8,17.3368884 C7.44771525,17.3368884 7,16.8891732 7,16.3368884 C7,15.7846037 7.44771525,15.3368884 8,15.3368884 L14.7200696,15.3368884 C15.2723543,15.3368884 15.7200696,15.7846037 15.7200696,16.3368884 C15.7200696,16.8891732 15.2723543,17.3368884 14.7200696,17.3368884 L8,17.3368884 Z M8,23 C7.44771525,23 7,22.5522847 7,22 C7,21.4477153 7.44771525,21 8,21 L19.1153581,21 C19.6676429,21 20.1153581,21.4477153 20.1153581,22 C20.1153581,22.5522847 19.6676429,23 19.1153581,23 L8,23 Z" fill="#000000" fill-rule="nonzero"></path></g></g></svg></div> <div class="pdl-product-detail_list-tooltip"><p>Add item to shopping list</p> <em></em></div></button></div></div></div> <!----></li> <!----><!----> <!----> <!----> <!----> <li tabindex="-1" data-product-id="1865" class="slot mobile-product-list-cell"><!----> <!----> <!----> <!----> <div class="mobile-product-list-cell_content"><div><!----> <div class="flag_outer-container"><!----> <!----> <!----> <!----></div></div> <div class="mobile-product-list-cell_left"><div><!----> <img src="data:image/svg+xml;base64,PD94bWwgdmVyc2lvbj0iMS4wIiBlbmNvZGluZz0idXRmLTgiPz4KPCEtLSBHZW5lcmF0ZWQgYnkgSWNvTW9vbi5pbyAtLT4KPCFET0NUWVBFIHN2ZyBQVUJMSUMgIi0vL1czQy8vRFREIFNWRyAxLjEvL0VOIiAiaHR0cDovL3d3dy53My5vcmcvR3JhcGhpY3MvU1ZHLzEuMS9EVEQvc3ZnMTEuZHRkIj4KPHN2ZyB2ZXJzaW9uPSIxLjEiIHhtbG5zPSJodHRwOi8vd3d3LnczLm9yZy8yMDAwL3N2ZyIgeG1sbnM6eGxpbms9Imh0dHA6Ly93d3cudzMub3JnLzE5OTkveGxpbmsiIHdpZHRoPSI0OCIgaGVpZ2h0PSI0OCIgdmlld0JveD0iMCAwIDQ4IDQ4Ij4KPGcgaWQ9Imljb21vb24taWdub3JlIj4KCTxsaW5lIHN0cm9rZS13aWR0aD0iMSIgeDE9IiIgeTE9IiIgeDI9IiIgeTI9IiIgc3Ryb2tlPSIjNDQ5RkRCIiBvcGFjaXR5PSIiPjwvbGluZT4KPC9nPgoJPHBhdGggZD0iTTM4LjQ4IDkuMDcwYzAuMjQ4IDAgMC40NSAwLjIwMiAwLjQ1IDAuNDV2MjguOTU5YzAgMC4yNDgtMC4yMDIgMC40NS0wLjQ1IDAuNDVoLTI4Ljk1OWMtMC4yNDggMC0wLjQ1LTAuMjAyLTAuNDUtMC40NXYtMjguOTU5YzAtMC4yNDggMC4yMDItMC40NSAwLjQ1LTAuNDVoMjguOTU5ek0zOC40OCA4aC0yOC45NTljLTAuODQgMC0xLjUyIDAuNjgxLTEuNTIgMS41MjF2MjguOTU5YzAgMC44NCAwLjY4MSAxLjUyMSAxLjUyIDEuNTIxaDI4Ljk1OWMwLjg0IDAgMS41Mi0wLjY4MSAxLjUyLTEuNTIxdi0yOC45NTljMC0wLjg0LTAuNjgxLTEuNTIxLTEuNTItMS41MjF2MHoiIG9wYWNpdHk9IjEiIHZpc2liaWxpdHk9ImZhbHNlIiBmaWxsPSIjZDdkN2Q3Ij48L3BhdGg+Cgk8cGF0aCBkPSJNMTIuMjI4IDM1LjIyNHYtMy4zMjljMC0wLjE0NSAwLjA1OC0wLjI4NSAwLjE2LTAuMzg4bDUuNTg3LTUuNTg3YzAuMjE0LTAuMjE0IDAuNTYxLTAuMjE0IDAuNzc1IDBsMi4xMTkgMi4xMTljMC4yMTQgMC4yMTQgMC41NjEgMC4yMTQgMC43NzUgMGw4LjE5MS04LjE5MmMwLjIxNC0wLjIxNCAwLjU2MS0wLjIxNCAwLjc3NSAwbDUgNWMwLjEwMyAwLjEwMyAwLjE2IDAuMjQyIDAuMTYgMC4zODh2OS45ODhjMCAwLjMwMy0wLjI0NSAwLjU0OC0wLjU0OCAwLjU0OGgtMjIuNDQ3Yy0wLjMwMyAwLTAuNTQ4LTAuMjQ1LTAuNTQ4LTAuNTQ4eiIgb3BhY2l0eT0iMSIgdmlzaWJpbGl0eT0iZmFsc2UiIGZpbGw9IiNkN2Q3ZDciPjwvcGF0aD4KCTxwYXRoIGQ9Ik0yMS41NDQgMTcuOTY3YzAgMS45ODItMS42MDYgMy41ODgtMy41ODggMy41ODhzLTMuNTg4LTEuNjA2LTMuNTg4LTMuNTg4YzAtMS45ODEgMS42MDYtMy41ODggMy41ODgtMy41ODhzMy41ODggMS42MDYgMy41ODggMy41ODh6IiBvcGFjaXR5PSIxIiB2aXNpYmlsaXR5PSJmYWxzZSIgZmlsbD0iI2Q3ZDdkNyI+PC9wYXRoPgo8L3N2Zz4K" alt="Kraft Macaroni &amp; Cheese Dinner Spirals" skeleton-box-size="9rem" class="product-grid-image object-contain"></div></div> <div class="mobile-product-list-cell_info"><div class="product-tile_detail"><div class="skeleton-loader_wrapper cursor-pointer"><div class="product-grid-cell_price-container product-grid-cell_price-container--mobile"><span class="product-grid-cell_main-price"><!---->
    $2.29
  </span> <!----></div> <!----></div> <!----></div> <div class="mobile-product-list-cell_name-content"><div class="skeleton-loader_wrapper"><div class="product-grid-cell_name"><a id="product-name-1865-16760862938127103" href="#" data-opens-modal="true" aria-haspopup="dialog" class="product-grid-cell_name-text product-grid-cell_name-text--clamp-2"><!---->
    Kraft Macaroni &amp; Cheese Dinner Spirals
  </a></div> <!----> <!----></div> <div class="skeleton-loader_wrapper"><div class="product-grid-cell_sizes"><span class="product-grid-cell_size">
    5.5 OZ BOX
  </span> <span aria-hidden="true">
    |
  </span> <!----> <span class="product-grid-cell_unit">
    $0.42 / OZ
  </span></div> <!----></div> <!----> <!----> <!----> <!----> <!----> <!----> <!----></div> <div class="mobile-product-list-cell_bottom"><div class="mobile-product-list-cell_bottom_cart-ui-wrapper"><!----> <!----> <div class="pdl-add-to-cart"><div class="pdl-add-to-cart_button"><button aria-label="Add to cart" data-product-id="1865" data-price="2.29" class="button button--add-to-cart">
      Add to cart
      <!----></button> <!----> <!----> <!----></div> <!----></div></div> <!----></div></div></div> <div class="product-tile_action-items"><!----> <!----> <div class="shopping-list-menu_container"><div class="relative-el"><button aria-label="add to shopping list" class="button pdl-product-detail_top-icon button--fourth pdl-product-detail_top-icon--borderless"><!----> <div class="vector-icon-size--large"><svg xmlns="http://www.w3.org/2000/svg" aria-label="Shopping List Icon Add" viewBox="0 0 32 32" role="presentation" aria-hidden="true" focusable="false" class="vector-icon-color--dark-grey"><title lang="en">Shopping List Icon Add</title><desc></desc><g fill="" stroke=""><g><path d="M21.94066,15.3368884 L21.94066,12.8931995 C21.94066,12.3409148 22.3883752,11.8931995 22.94066,11.8931995 C23.4929447,11.8931995 23.94066,12.3409148 23.94066,12.8931995 L23.94066,15.3368884 L26.2522624,15.3368884 C26.8045471,15.3368884 27.2522624,15.7846037 27.2522624,16.3368884 C27.2522624,16.8891732 26.8045471,17.3368884 26.2522624,17.3368884 L23.94066,17.3368884 L23.94066,19.8787952 C23.94066,20.43108 23.4929447,20.8787952 22.94066,20.8787952 C22.3883752,20.8787952 21.94066,20.43108 21.94066,19.8787952 L21.94066,17.3368884 L19.2666667,17.3368884 C18.7143819,17.3368884 18.2666667,16.8891732 18.2666667,16.3368884 C18.2666667,15.7846037 18.7143819,15.3368884 19.2666667,15.3368884 L21.94066,15.3368884 Z M8,12 C7.44771525,12 7,11.5522847 7,11 C7,10.4477153 7.44771525,10 8,10 L19.1153581,10 C19.6676429,10 20.1153581,10.4477153 20.1153581,11 C20.1153581,11.5522847 19.6676429,12 19.1153581,12 L8,12 Z M8,17.3368884 C7.44771525,17.3368884 7,16.8891732 7,16.3368884 C7,15.7846037 7.44771525,15.3368884 8,15.3368884 L14.7200696,15.3368884 C15.2723543,15.3368884 15.7200696,15.7846037 15.7200696,16.3368884 C15.7200696,16.8891732 15.2723543,17.3368884 14.7200696,17.3368884 L8,17.3368884 Z M8,23 C7.44771525,23 7,22.5522847 7,22 C7,21.4477153 7.44771525,21 8,21 L19.1153581,21 C19.6676429,21 20.1153581,21.4477153 20.1153581,22 C20.1153581,22.5522847 19.6676429,23 19.1153581,23 L8,23 Z" fill="#000000" fill-rule="nonzero"></path></g></g></svg></div> <div class="pdl-product-detail_list-tooltip"><p>Add item to shopping list</p> <em></em></div></button></div></div></div> <!----></li> <!----><!----> <!----> <!----> <!----> <li tabindex="-1" data-product-id="62510" class="slot mobile-product-list-cell"><!----> <!----> <!----> <!----> <div class="mobile-product-list-cell_content"><div><!----> <div class="flag_outer-container"><!----> <!----> <!----> <!----></div></div> <div class="mobile-product-list-cell_left"><div><!----> <img src="data:image/svg+xml;base64,PD94bWwgdmVyc2lvbj0iMS4wIiBlbmNvZGluZz0idXRmLTgiPz4KPCEtLSBHZW5lcmF0ZWQgYnkgSWNvTW9vbi5pbyAtLT4KPCFET0NUWVBFIHN2ZyBQVUJMSUMgIi0vL1czQy8vRFREIFNWRyAxLjEvL0VOIiAiaHR0cDovL3d3dy53My5vcmcvR3JhcGhpY3MvU1ZHLzEuMS9EVEQvc3ZnMTEuZHRkIj4KPHN2ZyB2ZXJzaW9uPSIxLjEiIHhtbG5zPSJodHRwOi8vd3d3LnczLm9yZy8yMDAwL3N2ZyIgeG1sbnM6eGxpbms9Imh0dHA6Ly93d3cudzMub3JnLzE5OTkveGxpbmsiIHdpZHRoPSI0OCIgaGVpZ2h0PSI0OCIgdmlld0JveD0iMCAwIDQ4IDQ4Ij4KPGcgaWQ9Imljb21vb24taWdub3JlIj4KCTxsaW5lIHN0cm9rZS13aWR0aD0iMSIgeDE9IiIgeTE9IiIgeDI9IiIgeTI9IiIgc3Ryb2tlPSIjNDQ5RkRCIiBvcGFjaXR5PSIiPjwvbGluZT4KPC9nPgoJPHBhdGggZD0iTTM4LjQ4IDkuMDcwYzAuMjQ4IDAgMC40NSAwLjIwMiAwLjQ1IDAuNDV2MjguOTU5YzAgMC4yNDgtMC4yMDIgMC40NS0wLjQ1IDAuNDVoLTI4Ljk1OWMtMC4yNDggMC0wLjQ1LTAuMjAyLTAuNDUtMC40NXYtMjguOTU5YzAtMC4yNDggMC4yMDItMC40NSAwLjQ1LTAuNDVoMjguOTU5ek0zOC40OCA4aC0yOC45NTljLTAuODQgMC0xLjUyIDAuNjgxLTEuNTIgMS41MjF2MjguOTU5YzAgMC44NCAwLjY4MSAxLjUyMSAxLjUyIDEuNTIxaDI4Ljk1OWMwLjg0IDAgMS41Mi0wLjY4MSAxLjUyLTEuNTIxdi0yOC45NTljMC0wLjg0LTAuNjgxLTEuNTIxLTEuNTItMS41MjF2MHoiIG9wYWNpdHk9IjEiIHZpc2liaWxpdHk9ImZhbHNlIiBmaWxsPSIjZDdkN2Q3Ij48L3BhdGg+Cgk8cGF0aCBkPSJNMTIuMjI4IDM1LjIyNHYtMy4zMjljMC0wLjE0NSAwLjA1OC0wLjI4NSAwLjE2LTAuMzg4bDUuNTg3LTUuNTg3YzAuMjE0LTAuMjE0IDAuNTYxLTAuMjE0IDAuNzc1IDBsMi4xMTkgMi4xMTljMC4yMTQgMC4yMTQgMC41NjEgMC4yMTQgMC43NzUgMGw4LjE5MS04LjE5MmMwLjIxNC0wLjIxNCAwLjU2MS0wLjIxNCAwLjc3NSAwbDUgNWMwLjEwMyAwLjEwMyAwLjE2IDAuMjQyIDAuMTYgMC4zODh2OS45ODhjMCAwLjMwMy0wLjI0NSAwLjU0OC0wLjU0OCAwLjU0OGgtMjIuNDQ3Yy0wLjMwMyAwLTAuNTQ4LTAuMjQ1LTAuNTQ4LTAuNTQ4eiIgb3BhY2l0eT0iMSIgdmlzaWJpbGl0eT0iZmFsc2UiIGZpbGw9IiNkN2Q3ZDciPjwvcGF0aD4KCTxwYXRoIGQ9Ik0yMS41NDQgMTcuOTY3YzAgMS45ODItMS42MDYgMy41ODgtMy41ODggMy41ODhzLTMuNTg4LTEuNjA2LTMuNTg4LTMuNTg4YzAtMS45ODEgMS42MDYtMy41ODggMy41ODgtMy41ODhzMy41ODggMS42MDYgMy41ODggMy41ODh6IiBvcGFjaXR5PSIxIiB2aXNpYmlsaXR5PSJmYWxzZSIgZmlsbD0iI2Q3ZDdkNyI+PC9wYXRoPgo8L3N2Zz4K" alt="Ellio's Pizza Cheese - 9 slices" skeleton-box-size="9rem" class="product-grid-image object-contain"></div></div> <div class="mobile-product-list-cell_info"><div class="product-tile_detail"><div class="skeleton-loader_wrapper cursor-pointer"><div class="product-grid-cell_price-container product-grid-cell_price-container--mobile"><span class="product-grid-cell_main-price"><!---->
    $4.59
  </span> <!----></div> <!----></div> <!----></div> <div class="mobile-product-list-cell_name-content"><div class="skeleton-loader_wrapper"><div class="product-grid-cell_name"><a id="product-name-62510-16760862938151588" href="#" data-opens-modal="true" aria-haspopup="dialog" class="product-grid-cell_name-text product-grid-cell_name-text--clamp-2"><!---->
    Ellio's Pizza Cheese - 9 slices
  </a></div> <!----> <!----></div> <div class="skeleton-loader_wrapper"><div class="product-grid-cell_sizes"><span class="product-grid-cell_size">
    18.3 OZ BOX
  </span> <span aria-hidden="true">
    |
  </span> <!----> <span class="product-grid-cell_unit">
    $0.25 / OZ
  </span></div> <!----></div> <!----> <!----> <!----> <!----> <!----> <!----> <!----></div> <div class="mobile-product-list-cell_bottom"><div class="mobile-product-list-cell_bottom_cart-ui-wrapper"><!----> <!----> <div class="pdl-add-to-cart"><div class="pdl-add-to-cart_button"><button aria-label="Add to cart" data-product-id="62510" data-price="4.59" class="button button--add-to-cart">
      Add to cart
      <!----></button> <!----> <!----> <!----></div> <!----></div></div> <!----></div></div></div> <div class="product-tile_action-items"><!----> <!----> <div class="shopping-list-menu_container"><div class="relative-el"><button aria-label="add to shopping list" class="button pdl-product-detail_top-icon button--fourth pdl-product-detail_top-icon--borderless"><!----> <div class="vector-icon-size--large"><svg xmlns="http://www.w3.org/2000/svg" aria-label="Shopping List Icon Add" viewBox="0 0 32 32" role="presentation" aria-hidden="true" focusable="false" class="vector-icon-color--dark-grey"><title lang="en">Shopping List Icon Add</title><desc></desc><g fill="" stroke=""><g><path d="M21.94066,15.3368884 L21.94066,12.8931995 C21.94066,12.3409148 22.3883752,11.8931995 22.94066,11.8931995 C23.4929447,11.8931995 23.94066,12.3409148 23.94066,12.8931995 L23.94066,15.3368884 L26.2522624,15.3368884 C26.8045471,15.3368884 27.2522624,15.7846037 27.2522624,16.3368884 C27.2522624,16.8891732 26.8045471,17.3368884 26.2522624,17.3368884 L23.94066,17.3368884 L23.94066,19.8787952 C23.94066,20.43108 23.4929447,20.8787952 22.94066,20.8787952 C22.3883752,20.8787952 21.94066,20.43108 21.94066,19.8787952 L21.94066,17.3368884 L19.2666667,17.3368884 C18.7143819,17.3368884 18.2666667,16.8891732 18.2666667,16.3368884 C18.2666667,15.7846037 18.7143819,15.3368884 19.2666667,15.3368884 L21.94066,15.3368884 Z M8,12 C7.44771525,12 7,11.5522847 7,11 C7,10.4477153 7.44771525,10 8,10 L19.1153581,10 C19.6676429,10 20.1153581,10.4477153 20.1153581,11 C20.1153581,11.5522847 19.6676429,12 19.1153581,12 L8,12 Z M8,17.3368884 C7.44771525,17.3368884 7,16.8891732 7,16.3368884 C7,15.7846037 7.44771525,15.3368884 8,15.3368884 L14.7200696,15.3368884 C15.2723543,15.3368884 15.7200696,15.7846037 15.7200696,16.3368884 C15.7200696,16.8891732 15.2723543,17.3368884 14.7200696,17.3368884 L8,17.3368884 Z M8,23 C7.44771525,23 7,22.5522847 7,22 C7,21.4477153 7.44771525,21 8,21 L19.1153581,21 C19.6676429,21 20.1153581,21.4477153 20.1153581,22 C20.1153581,22.5522847 19.6676429,23 19.1153581,23 L8,23 Z" fill="#000000" fill-rule="nonzero"></path></g></g></svg></div> <div class="pdl-product-detail_list-tooltip"><p>Add item to shopping list</p> <em></em></div></button></div></div></div> <!----></li> <!----><!----> <!----> <!----> <!----> <li tabindex="-1" data-product-id="153648" class="slot mobile-product-list-cell"><!----> <!----> <!----> <!----> <div class="mobile-product-list-cell_content"><div><!----> <div class="flag_outer-container"><!----> <!----> <!----> <!----></div></div> <div class="mobile-product-list-cell_left"><div><!----> <img src="data:image/svg+xml;base64,PD94bWwgdmVyc2lvbj0iMS4wIiBlbmNvZGluZz0idXRmLTgiPz4KPCEtLSBHZW5lcmF0ZWQgYnkgSWNvTW9vbi5pbyAtLT4KPCFET0NUWVBFIHN2ZyBQVUJMSUMgIi0vL1czQy8vRFREIFNWRyAxLjEvL0VOIiAiaHR0cDovL3d3dy53My5vcmcvR3JhcGhpY3MvU1ZHLzEuMS9EVEQvc3ZnMTEuZHRkIj4KPHN2ZyB2ZXJzaW9uPSIxLjEiIHhtbG5zPSJodHRwOi8vd3d3LnczLm9yZy8yMDAwL3N2ZyIgeG1sbnM6eGxpbms9Imh0dHA6Ly93d3cudzMub3JnLzE5OTkveGxpbmsiIHdpZHRoPSI0OCIgaGVpZ2h0PSI0OCIgdmlld0JveD0iMCAwIDQ4IDQ4Ij4KPGcgaWQ9Imljb21vb24taWdub3JlIj4KCTxsaW5lIHN0cm9rZS13aWR0aD0iMSIgeDE9IiIgeTE9IiIgeDI9IiIgeTI9IiIgc3Ryb2tlPSIjNDQ5RkRCIiBvcGFjaXR5PSIiPjwvbGluZT4KPC9nPgoJPHBhdGggZD0iTTM4LjQ4IDkuMDcwYzAuMjQ4IDAgMC40NSAwLjIwMiAwLjQ1IDAuNDV2MjguOTU5YzAgMC4yNDgtMC4yMDIgMC40NS0wLjQ1IDAuNDVoLTI4Ljk1OWMtMC4yNDggMC0wLjQ1LTAuMjAyLTAuNDUtMC40NXYtMjguOTU5YzAtMC4yNDggMC4yMDItMC40NSAwLjQ1LTAuNDVoMjguOTU5ek0zOC40OCA4aC0yOC45NTljLTAuODQgMC0xLjUyIDAuNjgxLTEuNTIgMS41MjF2MjguOTU5YzAgMC44NCAwLjY4MSAxLjUyMSAxLjUyIDEuNTIxaDI4Ljk1OWMwLjg0IDAgMS41Mi0wLjY4MSAxLjUyLTEuNTIxdi0yOC45NTljMC0wLjg0LTAuNjgxLTEuNTIxLTEuNTItMS41MjF2MHoiIG9wYWNpdHk9IjEiIHZpc2liaWxpdHk9ImZhbHNlIiBmaWxsPSIjZDdkN2Q3Ij48L3BhdGg+Cgk8cGF0aCBkPSJNMTIuMjI4IDM1LjIyNHYtMy4zMjljMC0wLjE0NSAwLjA1OC0wLjI4NSAwLjE2LTAuMzg4bDUuNTg3LTUuNTg3YzAuMjE0LTAuMjE0IDAuNTYxLTAuMjE0IDAuNzc1IDBsMi4xMTkgMi4xMTljMC4yMTQgMC4yMTQgMC41NjEgMC4yMTQgMC43NzUgMGw4LjE5MS04LjE5MmMwLjIxNC0wLjIxNCAwLjU2MS0wLjIxNCAwLjc3NSAwbDUgNWMwLjEwMyAwLjEwMyAwLjE2IDAuMjQyIDAuMTYgMC4zODh2OS45ODhjMCAwLjMwMy0wLjI0NSAwLjU0OC0wLjU0OCAwLjU0OGgtMjIuNDQ3Yy0wLjMwMyAwLTAuNTQ4LTAuMjQ1LTAuNTQ4LTAuNTQ4eiIgb3BhY2l0eT0iMSIgdmlzaWJpbGl0eT0iZmFsc2UiIGZpbGw9IiNkN2Q3ZDciPjwvcGF0aD4KCTxwYXRoIGQ9Ik0yMS41NDQgMTcuOTY3YzAgMS45ODItMS42MDYgMy41ODgtMy41ODggMy41ODhzLTMuNTg4LTEuNjA2LTMuNTg4LTMuNTg4YzAtMS45ODEgMS42MDYtMy41ODggMy41ODgtMy41ODhzMy41ODggMS42MDYgMy41ODggMy41ODh6IiBvcGFjaXR5PSIxIiB2aXNpYmlsaXR5PSJmYWxzZSIgZmlsbD0iI2Q3ZDdkNyI+PC9wYXRoPgo8L3N2Zz4K" alt="Stop &amp; Shop Deli Ham Cooked (Regular Sliced)" skeleton-box-size="9rem" class="product-grid-image object-contain"></div></div> <div class="mobile-product-list-cell_info"><div class="product-tile_detail"><div class="skeleton-loader_wrapper cursor-pointer"><div class="product-grid-cell_price-container product-grid-cell_price-container--mobile"><span class="product-grid-cell_main-price"><!---->
    $3.00
  </span> <!----></div> <!----></div> <!----></div> <div class="mobile-product-list-cell_name-content"><div class="skeleton-loader_wrapper"><div class="product-grid-cell_name"><a id="product-name-153648-16760862938182739" href="#" data-opens-modal="true" aria-haspopup="dialog" class="product-grid-cell_name-text product-grid-cell_name-text--clamp-2"><span class="vector-icon_inline-text--left mr-0"><div class="vector-icon-size--xsmall"><svg xmlns="http://www.w3.org/2000/svg" aria-label="Ahold Icon" viewBox="0 0 1024 945" role="presentation" aria-hidden="true" focusable="false" class=""><title lang="en">Ahold Icon</title><desc></desc><g fill="" stroke=""><g><path d="M1.893 730.617c-1.289-2.094-2.052-4.631-2.052-7.346 0-.747.058-1.481.169-2.197.158-12.396 10.227-22.466 22.687-22.634h895.306c12.476.168 22.545 10.237 22.713 22.698-.521 3.721-1.182 6.924-2.024 10.053l.131-.574c-86.363 175.072-263.598 293.385-468.466 293.385S88.254 905.689 3.252 733.663l-1.361-3.046z" fill="#F7A800" class="path1"></path> <path d="M107.889 132.495c1.893-1.893 1.893-3.786 3.786-5.678 2.98-3.491 7.385-5.69 12.303-5.69s9.323 2.199 12.284 5.668l.019.022L613.264 603.8c3.491 2.98 5.69 7.385 5.69 12.303s-2.199 9.323-5.668 12.284c-1.399 1.869-3.361 3.216-5.631 3.789l-.069.015c-38.446 13.732-82.796 21.669-129.001 21.669-108.416 0-206.626-43.699-277.977-114.443C130.241 467.591 86.799 369.1 86.799 260.462c0-45.803 7.722-89.803 21.936-130.767l-.845 2.8z" fill="#E2231A" class="path2"></path> <path d="M600.015 1.893a6.922 6.922 0 0 1 5.713-1.889c.057-.006.164-.007.272-.007 7.15 0 12.947 5.796 12.947 12.947 0 .108-.001.215-.004.322v-.016 503.482c.002.091.004.199.004.306 0 7.15-5.796 12.947-12.947 12.947-.108 0-.215-.001-.322-.004a6.925 6.925 0 0 1-5.665-1.895l.002.002c-98.273-48.542-164.673-148.065-164.673-263.098S501.743 50.434 598.306 2.657l1.709-.765z" fill="#712177" class="path3"></path> <path d="M938.824 283.919c1.893 0 1.893 1.893 3.786 1.893 1.765 2.012 2.841 4.666 2.841 7.571s-1.077 5.559-2.853 7.584l.011-.013-268.776 266.884c-2.012 1.765-4.666 2.841-7.571 2.841s-5.559-1.077-7.584-2.853a3.774 3.774 0 0 1-1.877-3.793l-.002.019c-7.681-21.529-12.12-46.363-12.12-72.235 0-61.263 24.891-116.712 65.111-156.786 39.326-39.792 93.895-64.431 154.219-64.431 26.857 0 52.573 4.884 76.309 13.812l-1.494-.493z" fill="#82BC00" class="path4"></path></g></g></svg></div></span>
    Stop &amp; Shop Deli Ham Cooked (Regular Sliced)
  </a></div> <!----> <!----></div> <div class="skeleton-loader_wrapper"><div class="product-grid-cell_sizes"><span class="product-grid-cell_size">
    APX 1/2 LB
  </span> <span aria-hidden="true">
    |
  </span> <!----> <span class="product-grid-cell_unit">
    $5.99 / LB
  </span></div> <!----></div> <!----> <!----> <!----> <!----> <!----> <!----> <!----></div> <div class="mobile-product-list-cell_bottom"><div class="mobile-product-list-cell_bottom_cart-ui-wrapper"><!----> <!----> <div class="pdl-add-to-cart"><div class="pdl-add-to-cart_button"><button aria-label="Add to cart" data-product-id="153648" data-price="3" class="button button--add-to-cart">
      Add to cart
      <!----></button> <!----> <!----> <!----></div> <!----></div></div> <!----></div></div></div> <div class="product-tile_action-items"><!----> <!----> <div class="shopping-list-menu_container"><div class="relative-el"><button aria-label="add to shopping list" class="button pdl-product-detail_top-icon button--fourth pdl-product-detail_top-icon--borderless"><!----> <div class="vector-icon-size--large"><svg xmlns="http://www.w3.org/2000/svg" aria-label="Shopping List Icon Add" viewBox="0 0 32 32" role="presentation" aria-hidden="true" focusable="false" class="vector-icon-color--dark-grey"><title lang="en">Shopping List Icon Add</title><desc></desc><g fill="" stroke=""><g><path d="M21.94066,15.3368884 L21.94066,12.8931995 C21.94066,12.3409148 22.3883752,11.8931995 22.94066,11.8931995 C23.4929447,11.8931995 23.94066,12.3409148 23.94066,12.8931995 L23.94066,15.3368884 L26.2522624,15.3368884 C26.8045471,15.3368884 27.2522624,15.7846037 27.2522624,16.3368884 C27.2522624,16.8891732 26.8045471,17.3368884 26.2522624,17.3368884 L23.94066,17.3368884 L23.94066,19.8787952 C23.94066,20.43108 23.4929447,20.8787952 22.94066,20.8787952 C22.3883752,20.8787952 21.94066,20.43108 21.94066,19.8787952 L21.94066,17.3368884 L19.2666667,17.3368884 C18.7143819,17.3368884 18.2666667,16.8891732 18.2666667,16.3368884 C18.2666667,15.7846037 18.7143819,15.3368884 19.2666667,15.3368884 L21.94066,15.3368884 Z M8,12 C7.44771525,12 7,11.5522847 7,11 C7,10.4477153 7.44771525,10 8,10 L19.1153581,10 C19.6676429,10 20.1153581,10.4477153 20.1153581,11 C20.1153581,11.5522847 19.6676429,12 19.1153581,12 L8,12 Z M8,17.3368884 C7.44771525,17.3368884 7,16.8891732 7,16.3368884 C7,15.7846037 7.44771525,15.3368884 8,15.3368884 L14.7200696,15.3368884 C15.2723543,15.3368884 15.7200696,15.7846037 15.7200696,16.3368884 C15.7200696,16.8891732 15.2723543,17.3368884 14.7200696,17.3368884 L8,17.3368884 Z M8,23 C7.44771525,23 7,22.5522847 7,22 C7,21.4477153 7.44771525,21 8,21 L19.1153581,21 C19.6676429,21 20.1153581,21.4477153 20.1153581,22 C20.1153581,22.5522847 19.6676429,23 19.1153581,23 L8,23 Z" fill="#000000" fill-rule="nonzero"></path></g></g></svg></div> <div class="pdl-product-detail_list-tooltip"><p>Add item to shopping list</p> <em></em></div></button></div></div></div> <!----></li> <!----><!----> <!----> <!----> <!----> <li tabindex="-1" data-product-id="12657" class="slot mobile-product-list-cell"><!----> <!----> <!----> <!----> <div class="mobile-product-list-cell_content"><div><!----> <div class="flag_outer-container"><!----> <!----> <!----> <!----></div></div> <div class="mobile-product-list-cell_left"><div><!----> <img src="data:image/svg+xml;base64,PD94bWwgdmVyc2lvbj0iMS4wIiBlbmNvZGluZz0idXRmLTgiPz4KPCEtLSBHZW5lcmF0ZWQgYnkgSWNvTW9vbi5pbyAtLT4KPCFET0NUWVBFIHN2ZyBQVUJMSUMgIi0vL1czQy8vRFREIFNWRyAxLjEvL0VOIiAiaHR0cDovL3d3dy53My5vcmcvR3JhcGhpY3MvU1ZHLzEuMS9EVEQvc3ZnMTEuZHRkIj4KPHN2ZyB2ZXJzaW9uPSIxLjEiIHhtbG5zPSJodHRwOi8vd3d3LnczLm9yZy8yMDAwL3N2ZyIgeG1sbnM6eGxpbms9Imh0dHA6Ly93d3cudzMub3JnLzE5OTkveGxpbmsiIHdpZHRoPSI0OCIgaGVpZ2h0PSI0OCIgdmlld0JveD0iMCAwIDQ4IDQ4Ij4KPGcgaWQ9Imljb21vb24taWdub3JlIj4KCTxsaW5lIHN0cm9rZS13aWR0aD0iMSIgeDE9IiIgeTE9IiIgeDI9IiIgeTI9IiIgc3Ryb2tlPSIjNDQ5RkRCIiBvcGFjaXR5PSIiPjwvbGluZT4KPC9nPgoJPHBhdGggZD0iTTM4LjQ4IDkuMDcwYzAuMjQ4IDAgMC40NSAwLjIwMiAwLjQ1IDAuNDV2MjguOTU5YzAgMC4yNDgtMC4yMDIgMC40NS0wLjQ1IDAuNDVoLTI4Ljk1OWMtMC4yNDggMC0wLjQ1LTAuMjAyLTAuNDUtMC40NXYtMjguOTU5YzAtMC4yNDggMC4yMDItMC40NSAwLjQ1LTAuNDVoMjguOTU5ek0zOC40OCA4aC0yOC45NTljLTAuODQgMC0xLjUyIDAuNjgxLTEuNTIgMS41MjF2MjguOTU5YzAgMC44NCAwLjY4MSAxLjUyMSAxLjUyIDEuNTIxaDI4Ljk1OWMwLjg0IDAgMS41Mi0wLjY4MSAxLjUyLTEuNTIxdi0yOC45NTljMC0wLjg0LTAuNjgxLTEuNTIxLTEuNTItMS41MjF2MHoiIG9wYWNpdHk9IjEiIHZpc2liaWxpdHk9ImZhbHNlIiBmaWxsPSIjZDdkN2Q3Ij48L3BhdGg+Cgk8cGF0aCBkPSJNMTIuMjI4IDM1LjIyNHYtMy4zMjljMC0wLjE0NSAwLjA1OC0wLjI4NSAwLjE2LTAuMzg4bDUuNTg3LTUuNTg3YzAuMjE0LTAuMjE0IDAuNTYxLTAuMjE0IDAuNzc1IDBsMi4xMTkgMi4xMTljMC4yMTQgMC4yMTQgMC41NjEgMC4yMTQgMC43NzUgMGw4LjE5MS04LjE5MmMwLjIxNC0wLjIxNCAwLjU2MS0wLjIxNCAwLjc3NSAwbDUgNWMwLjEwMyAwLjEwMyAwLjE2IDAuMjQyIDAuMTYgMC4zODh2OS45ODhjMCAwLjMwMy0wLjI0NSAwLjU0OC0wLjU0OCAwLjU0OGgtMjIuNDQ3Yy0wLjMwMyAwLTAuNTQ4LTAuMjQ1LTAuNTQ4LTAuNTQ4eiIgb3BhY2l0eT0iMSIgdmlzaWJpbGl0eT0iZmFsc2UiIGZpbGw9IiNkN2Q3ZDciPjwvcGF0aD4KCTxwYXRoIGQ9Ik0yMS41NDQgMTcuOTY3YzAgMS45ODItMS42MDYgMy41ODgtMy41ODggMy41ODhzLTMuNTg4LTEuNjA2LTMuNTg4LTMuNTg4YzAtMS45ODEgMS42MDYtMy41ODggMy41ODgtMy41ODhzMy41ODggMS42MDYgMy41ODggMy41ODh6IiBvcGFjaXR5PSIxIiB2aXNpYmlsaXR5PSJmYWxzZSIgZmlsbD0iI2Q3ZDdkNyI+PC9wYXRoPgo8L3N2Zz4K" alt="Florida's Natural 100% Orange Juice No Pulp" skeleton-box-size="9rem" class="product-grid-image object-contain"></div></div> <div class="mobile-product-list-cell_info"><div class="product-tile_detail"><div class="skeleton-loader_wrapper cursor-pointer"><div class="product-grid-cell_price-container product-grid-cell_price-container--mobile"><span class="product-grid-cell_main-price"><!---->
    $3.59
  </span> <!----></div> <!----></div> <!----></div> <div class="mobile-product-list-cell_name-content"><div class="skeleton-loader_wrapper"><div class="product-grid-cell_name"><a id="product-name-12657-16760862938204838" href="#" data-opens-modal="true" aria-haspopup="dialog" class="product-grid-cell_name-text product-grid-cell_name-text--clamp-2"><!---->
    Florida's Natural 100% Orange Juice No Pulp
  </a></div> <!----> <!----></div> <div class="skeleton-loader_wrapper"><div class="product-grid-cell_sizes"><span class="product-grid-cell_size">
    52 OZ CTN
  </span> <span aria-hidden="true">
    |
  </span> <!----> <span class="product-grid-cell_unit">
    $0.07 / OZ
  </span></div> <!----></div> <!----> <!----> <!----> <!----> <!----> <!----> <!----></div> <div class="mobile-product-list-cell_bottom"><div class="mobile-product-list-cell_bottom_cart-ui-wrapper"><!----> <!----> <div class="pdl-add-to-cart"><div class="pdl-add-to-cart_button"><button aria-label="Add to cart" data-product-id="12657" data-price="3.59" class="button button--add-to-cart">
      Add to cart
      <!----></button> <!----> <!----> <!----></div> <!----></div></div> <!----></div></div></div> <div class="product-tile_action-items"><!----> <!----> <div class="shopping-list-menu_container"><div class="relative-el"><button aria-label="add to shopping list" class="button pdl-product-detail_top-icon button--fourth pdl-product-detail_top-icon--borderless"><!----> <div class="vector-icon-size--large"><svg xmlns="http://www.w3.org/2000/svg" aria-label="Shopping List Icon Add" viewBox="0 0 32 32" role="presentation" aria-hidden="true" focusable="false" class="vector-icon-color--dark-grey"><title lang="en">Shopping List Icon Add</title><desc></desc><g fill="" stroke=""><g><path d="M21.94066,15.3368884 L21.94066,12.8931995 C21.94066,12.3409148 22.3883752,11.8931995 22.94066,11.8931995 C23.4929447,11.8931995 23.94066,12.3409148 23.94066,12.8931995 L23.94066,15.3368884 L26.2522624,15.3368884 C26.8045471,15.3368884 27.2522624,15.7846037 27.2522624,16.3368884 C27.2522624,16.8891732 26.8045471,17.3368884 26.2522624,17.3368884 L23.94066,17.3368884 L23.94066,19.8787952 C23.94066,20.43108 23.4929447,20.8787952 22.94066,20.8787952 C22.3883752,20.8787952 21.94066,20.43108 21.94066,19.8787952 L21.94066,17.3368884 L19.2666667,17.3368884 C18.7143819,17.3368884 18.2666667,16.8891732 18.2666667,16.3368884 C18.2666667,15.7846037 18.7143819,15.3368884 19.2666667,15.3368884 L21.94066,15.3368884 Z M8,12 C7.44771525,12 7,11.5522847 7,11 C7,10.4477153 7.44771525,10 8,10 L19.1153581,10 C19.6676429,10 20.1153581,10.4477153 20.1153581,11 C20.1153581,11.5522847 19.6676429,12 19.1153581,12 L8,12 Z M8,17.3368884 C7.44771525,17.3368884 7,16.8891732 7,16.3368884 C7,15.7846037 7.44771525,15.3368884 8,15.3368884 L14.7200696,15.3368884 C15.2723543,15.3368884 15.7200696,15.7846037 15.7200696,16.3368884 C15.7200696,16.8891732 15.2723543,17.3368884 14.7200696,17.3368884 L8,17.3368884 Z M8,23 C7.44771525,23 7,22.5522847 7,22 C7,21.4477153 7.44771525,21 8,21 L19.1153581,21 C19.6676429,21 20.1153581,21.4477153 20.1153581,22 C20.1153581,22.5522847 19.6676429,23 19.1153581,23 L8,23 Z" fill="#000000" fill-rule="nonzero"></path></g></g></svg></div> <div class="pdl-product-detail_list-tooltip"><p>Add item to shopping list</p> <em></em></div></button></div></div></div> <!----></li> <!----><!----> <!----> <!----> <!----> <li tabindex="-1" data-product-id="56664" class="slot mobile-product-list-cell"><!----> <!----> <!----> <!----> <div class="mobile-product-list-cell_content"><div><!----> <div class="flag_outer-container"><!----> <!----> <!----> <!----></div></div> <div class="mobile-product-list-cell_left"><div><!----> <img src="data:image/svg+xml;base64,PD94bWwgdmVyc2lvbj0iMS4wIiBlbmNvZGluZz0idXRmLTgiPz4KPCEtLSBHZW5lcmF0ZWQgYnkgSWNvTW9vbi5pbyAtLT4KPCFET0NUWVBFIHN2ZyBQVUJMSUMgIi0vL1czQy8vRFREIFNWRyAxLjEvL0VOIiAiaHR0cDovL3d3dy53My5vcmcvR3JhcGhpY3MvU1ZHLzEuMS9EVEQvc3ZnMTEuZHRkIj4KPHN2ZyB2ZXJzaW9uPSIxLjEiIHhtbG5zPSJodHRwOi8vd3d3LnczLm9yZy8yMDAwL3N2ZyIgeG1sbnM6eGxpbms9Imh0dHA6Ly93d3cudzMub3JnLzE5OTkveGxpbmsiIHdpZHRoPSI0OCIgaGVpZ2h0PSI0OCIgdmlld0JveD0iMCAwIDQ4IDQ4Ij4KPGcgaWQ9Imljb21vb24taWdub3JlIj4KCTxsaW5lIHN0cm9rZS13aWR0aD0iMSIgeDE9IiIgeTE9IiIgeDI9IiIgeTI9IiIgc3Ryb2tlPSIjNDQ5RkRCIiBvcGFjaXR5PSIiPjwvbGluZT4KPC9nPgoJPHBhdGggZD0iTTM4LjQ4IDkuMDcwYzAuMjQ4IDAgMC40NSAwLjIwMiAwLjQ1IDAuNDV2MjguOTU5YzAgMC4yNDgtMC4yMDIgMC40NS0wLjQ1IDAuNDVoLTI4Ljk1OWMtMC4yNDggMC0wLjQ1LTAuMjAyLTAuNDUtMC40NXYtMjguOTU5YzAtMC4yNDggMC4yMDItMC40NSAwLjQ1LTAuNDVoMjguOTU5ek0zOC40OCA4aC0yOC45NTljLTAuODQgMC0xLjUyIDAuNjgxLTEuNTIgMS41MjF2MjguOTU5YzAgMC44NCAwLjY4MSAxLjUyMSAxLjUyIDEuNTIxaDI4Ljk1OWMwLjg0IDAgMS41Mi0wLjY4MSAxLjUyLTEuNTIxdi0yOC45NTljMC0wLjg0LTAuNjgxLTEuNTIxLTEuNTItMS41MjF2MHoiIG9wYWNpdHk9IjEiIHZpc2liaWxpdHk9ImZhbHNlIiBmaWxsPSIjZDdkN2Q3Ij48L3BhdGg+Cgk8cGF0aCBkPSJNMTIuMjI4IDM1LjIyNHYtMy4zMjljMC0wLjE0NSAwLjA1OC0wLjI4NSAwLjE2LTAuMzg4bDUuNTg3LTUuNTg3YzAuMjE0LTAuMjE0IDAuNTYxLTAuMjE0IDAuNzc1IDBsMi4xMTkgMi4xMTljMC4yMTQgMC4yMTQgMC41NjEgMC4yMTQgMC43NzUgMGw4LjE5MS04LjE5MmMwLjIxNC0wLjIxNCAwLjU2MS0wLjIxNCAwLjc3NSAwbDUgNWMwLjEwMyAwLjEwMyAwLjE2IDAuMjQyIDAuMTYgMC4zODh2OS45ODhjMCAwLjMwMy0wLjI0NSAwLjU0OC0wLjU0OCAwLjU0OGgtMjIuNDQ3Yy0wLjMwMyAwLTAuNTQ4LTAuMjQ1LTAuNTQ4LTAuNTQ4eiIgb3BhY2l0eT0iMSIgdmlzaWJpbGl0eT0iZmFsc2UiIGZpbGw9IiNkN2Q3ZDciPjwvcGF0aD4KCTxwYXRoIGQ9Ik0yMS41NDQgMTcuOTY3YzAgMS45ODItMS42MDYgMy41ODgtMy41ODggMy41ODhzLTMuNTg4LTEuNjA2LTMuNTg4LTMuNTg4YzAtMS45ODEgMS42MDYtMy41ODggMy41ODgtMy41ODhzMy41ODggMS42MDYgMy41ODggMy41ODh6IiBvcGFjaXR5PSIxIiB2aXNpYmlsaXR5PSJmYWxzZSIgZmlsbD0iI2Q3ZDdkNyI+PC9wYXRoPgo8L3N2Zz4K" alt="Stop &amp; Shop 100% Apple Juice Original No Sugar Added" skeleton-box-size="9rem" class="product-grid-image object-contain"></div></div> <div class="mobile-product-list-cell_info"><div class="product-tile_detail"><div class="skeleton-loader_wrapper cursor-pointer"><div class="product-grid-cell_price-container product-grid-cell_price-container--mobile"><span class="product-grid-cell_main-price"><!---->
    $2.39
  </span> <!----></div> <!----></div> <!----></div> <div class="mobile-product-list-cell_name-content"><div class="skeleton-loader_wrapper"><div class="product-grid-cell_name"><a id="product-name-56664-16760862938234372" href="#" data-opens-modal="true" aria-haspopup="dialog" class="product-grid-cell_name-text product-grid-cell_name-text--clamp-2"><span class="vector-icon_inline-text--left mr-0"><div class="vector-icon-size--xsmall"><svg xmlns="http://www.w3.org/2000/svg" aria-label="Ahold Icon" viewBox="0 0 1024 945" role="presentation" aria-hidden="true" focusable="false" class=""><title lang="en">Ahold Icon</title><desc></desc><g fill="" stroke=""><g><path d="M1.893 730.617c-1.289-2.094-2.052-4.631-2.052-7.346 0-.747.058-1.481.169-2.197.158-12.396 10.227-22.466 22.687-22.634h895.306c12.476.168 22.545 10.237 22.713 22.698-.521 3.721-1.182 6.924-2.024 10.053l.131-.574c-86.363 175.072-263.598 293.385-468.466 293.385S88.254 905.689 3.252 733.663l-1.361-3.046z" fill="#F7A800" class="path1"></path> <path d="M107.889 132.495c1.893-1.893 1.893-3.786 3.786-5.678 2.98-3.491 7.385-5.69 12.303-5.69s9.323 2.199 12.284 5.668l.019.022L613.264 603.8c3.491 2.98 5.69 7.385 5.69 12.303s-2.199 9.323-5.668 12.284c-1.399 1.869-3.361 3.216-5.631 3.789l-.069.015c-38.446 13.732-82.796 21.669-129.001 21.669-108.416 0-206.626-43.699-277.977-114.443C130.241 467.591 86.799 369.1 86.799 260.462c0-45.803 7.722-89.803 21.936-130.767l-.845 2.8z" fill="#E2231A" class="path2"></path> <path d="M600.015 1.893a6.922 6.922 0 0 1 5.713-1.889c.057-.006.164-.007.272-.007 7.15 0 12.947 5.796 12.947 12.947 0 .108-.001.215-.004.322v-.016 503.482c.002.091.004.199.004.306 0 7.15-5.796 12.947-12.947 12.947-.108 0-.215-.001-.322-.004a6.925 6.925 0 0 1-5.665-1.895l.002.002c-98.273-48.542-164.673-148.065-164.673-263.098S501.743 50.434 598.306 2.657l1.709-.765z" fill="#712177" class="path3"></path> <path d="M938.824 283.919c1.893 0 1.893 1.893 3.786 1.893 1.765 2.012 2.841 4.666 2.841 7.571s-1.077 5.559-2.853 7.584l.011-.013-268.776 266.884c-2.012 1.765-4.666 2.841-7.571 2.841s-5.559-1.077-7.584-2.853a3.774 3.774 0 0 1-1.877-3.793l-.002.019c-7.681-21.529-12.12-46.363-12.12-72.235 0-61.263 24.891-116.712 65.111-156.786 39.326-39.792 93.895-64.431 154.219-64.431 26.857 0 52.573 4.884 76.309 13.812l-1.494-.493z" fill="#82BC00" class="path4"></path></g></g></svg></div></span>
    Stop &amp; Shop 100% Apple Juice Original No Sugar Added
  </a></div> <!----> <!----></div> <div class="skeleton-loader_wrapper"><div class="product-grid-cell_sizes"><span class="product-grid-cell_size">
    64 OZ BTL
  </span> <span aria-hidden="true">
    |
  </span> <!----> <span class="product-grid-cell_unit">
    $0.04 / OZ
  </span></div> <!----></div> <!----> <!----> <!----> <!----> <!----> <!----> <!----></div> <div class="mobile-product-list-cell_bottom"><div class="mobile-product-list-cell_bottom_cart-ui-wrapper"><!----> <!----> <div class="pdl-add-to-cart"><div class="pdl-add-to-cart_button"><button aria-label="Add to cart" data-product-id="56664" data-price="2.39" class="button button--add-to-cart">
      Add to cart
      <!----></button> <!----> <!----> <!----></div> <!----></div></div> <!----></div></div></div> <div class="product-tile_action-items"><!----> <!----> <div class="shopping-list-menu_container"><div class="relative-el"><button aria-label="add to shopping list" class="button pdl-product-detail_top-icon button--fourth pdl-product-detail_top-icon--borderless"><!----> <div class="vector-icon-size--large"><svg xmlns="http://www.w3.org/2000/svg" aria-label="Shopping List Icon Add" viewBox="0 0 32 32" role="presentation" aria-hidden="true" focusable="false" class="vector-icon-color--dark-grey"><title lang="en">Shopping List Icon Add</title><desc></desc><g fill="" stroke=""><g><path d="M21.94066,15.3368884 L21.94066,12.8931995 C21.94066,12.3409148 22.3883752,11.8931995 22.94066,11.8931995 C23.4929447,11.8931995 23.94066,12.3409148 23.94066,12.8931995 L23.94066,15.3368884 L26.2522624,15.3368884 C26.8045471,15.3368884 27.2522624,15.7846037 27.2522624,16.3368884 C27.2522624,16.8891732 26.8045471,17.3368884 26.2522624,17.3368884 L23.94066,17.3368884 L23.94066,19.8787952 C23.94066,20.43108 23.4929447,20.8787952 22.94066,20.8787952 C22.3883752,20.8787952 21.94066,20.43108 21.94066,19.8787952 L21.94066,17.3368884 L19.2666667,17.3368884 C18.7143819,17.3368884 18.2666667,16.8891732 18.2666667,16.3368884 C18.2666667,15.7846037 18.7143819,15.3368884 19.2666667,15.3368884 L21.94066,15.3368884 Z M8,12 C7.44771525,12 7,11.5522847 7,11 C7,10.4477153 7.44771525,10 8,10 L19.1153581,10 C19.6676429,10 20.1153581,10.4477153 20.1153581,11 C20.1153581,11.5522847 19.6676429,12 19.1153581,12 L8,12 Z M8,17.3368884 C7.44771525,17.3368884 7,16.8891732 7,16.3368884 C7,15.7846037 7.44771525,15.3368884 8,15.3368884 L14.7200696,15.3368884 C15.2723543,15.3368884 15.7200696,15.7846037 15.7200696,16.3368884 C15.7200696,16.8891732 15.2723543,17.3368884 14.7200696,17.3368884 L8,17.3368884 Z M8,23 C7.44771525,23 7,22.5522847 7,22 C7,21.4477153 7.44771525,21 8,21 L19.1153581,21 C19.6676429,21 20.1153581,21.4477153 20.1153581,22 C20.1153581,22.5522847 19.6676429,23 19.1153581,23 L8,23 Z" fill="#000000" fill-rule="nonzero"></path></g></g></svg></div> <div class="pdl-product-detail_list-tooltip"><p>Add item to shopping list</p> <em></em></div></button></div></div></div> <!----></li> <!----><!----> <!----> <!----> <!----> <li tabindex="-1" data-product-id="110891" class="slot mobile-product-list-cell"><!----> <!----> <!----> <!----> <div class="mobile-product-list-cell_content"><div><!----> <div class="flag_outer-container"><div class=""><svg xmlns="http://www.w3.org/2000/svg" aria-label="Sale" viewBox="0 0 32 32" role="presentation" aria-hidden="true" focusable="false" class="w-20 ml-3"><title lang="en">Sale</title><desc></desc><g fill="" stroke=""><g><path d="M16.56 19.87a3.81 3.81 0 0 1-1-.13l-13.39-3.5a1.5 1.5 0 0 1-1.12-1.34l-.81-11a1.52 1.52 0 0 1 1.39-1.61l27.69-2h.11a1.51 1.51 0 0 1 1.5 1.4l.82 11a1.52 1.52 0 0 1-.91 1.5l-12.72 5.36a3.79 3.79 0 0 1-1.56.32Z" fill="#ed1256"></path><path fill="#fff" d="M29.43.48a1.26 1.26 0 0 1 1.26 1.17l.82 11a1.27 1.27 0 0 1-.76 1.26L18 19.34a3.72 3.72 0 0 1-1.47.3 3.79 3.79 0 0 1-.94-.12L2.24 16a1.27 1.27 0 0 1-1-1.13l-.81-11a1.26 1.26 0 0 1 1.22-1.33L29.34.48h.09m0-.48h-.13L1.62 2A1.76 1.76 0 0 0 0 3.92l.82 11a1.73 1.73 0 0 0 1.3 1.55L15.5 20a4.3 4.3 0 0 0 1.07.14 4.24 4.24 0 0 0 1.65-.34l12.72-5.44A1.76 1.76 0 0 0 32 12.59l-.82-11A1.76 1.76 0 0 0 29.43 0Z"></path><path fill="#fff" d="M3.74 9.87a3 3 0 0 0 .82.55 2.21 2.21 0 0 0 1.08.19 1.6 1.6 0 0 0 .29 0 1 1 0 0 0 .26-.12.58.58 0 0 0 .18-.2.62.62 0 0 0 0-.31.59.59 0 0 0-.32-.49 3.38 3.38 0 0 0-.85-.34L4.84 9a4.19 4.19 0 0 1-.69-.26 2.44 2.44 0 0 1-.63-.41 1.92 1.92 0 0 1-.7-1.42 2.68 2.68 0 0 1 .1-1A2.2 2.2 0 0 1 3.39 5a2.42 2.42 0 0 1 .82-.6 3.15 3.15 0 0 1 1.17-.28 3.68 3.68 0 0 1 1.72.24 3 3 0 0 1 .57.29A2.66 2.66 0 0 1 8 5l-.82 1.37a4.42 4.42 0 0 0-.82-.45 2 2 0 0 0-.85-.13 1.4 1.4 0 0 0-.28.06A.9.9 0 0 0 5 6a.62.62 0 0 0-.16.2.5.5 0 0 0 0 .28.6.6 0 0 0 .1.31.68.68 0 0 0 .24.2 1.27 1.27 0 0 0 .35.15l.43.13.35.09a7.49 7.49 0 0 1 .69.22 2.2 2.2 0 0 1 .72.42 2.46 2.46 0 0 1 .54.68 2.31 2.31 0 0 1 .27 1 2.15 2.15 0 0 1-.15 1 2.53 2.53 0 0 1-.56.84 2.77 2.77 0 0 1-.88.59 4 4 0 0 1-1.11.27A4.67 4.67 0 0 1 4 12.25a3.79 3.79 0 0 1-1.28-.75ZM11.29 3.89l2.17-.16 3.1 7.7-2 .15L14 10l-2.39.18-.35 1.67-2 .14Zm2.15 4.6-1-2.84-.61 2.95ZM17 3.47l1.89-.14.44 6 3.3-.25.16 1.92-5.19.39ZM23.36 3l5.13-.38.13 1.8-3.24.24.09 1.22 2.66-.2.12 1.7-2.65.2.09 1.35 3.46-.26.13 1.81-5.34.4Z"></path></g></g></svg></div> <!----> <!----> <!----></div></div> <div class="mobile-product-list-cell_left"><div><!----> <img src="data:image/svg+xml;base64,PD94bWwgdmVyc2lvbj0iMS4wIiBlbmNvZGluZz0idXRmLTgiPz4KPCEtLSBHZW5lcmF0ZWQgYnkgSWNvTW9vbi5pbyAtLT4KPCFET0NUWVBFIHN2ZyBQVUJMSUMgIi0vL1czQy8vRFREIFNWRyAxLjEvL0VOIiAiaHR0cDovL3d3dy53My5vcmcvR3JhcGhpY3MvU1ZHLzEuMS9EVEQvc3ZnMTEuZHRkIj4KPHN2ZyB2ZXJzaW9uPSIxLjEiIHhtbG5zPSJodHRwOi8vd3d3LnczLm9yZy8yMDAwL3N2ZyIgeG1sbnM6eGxpbms9Imh0dHA6Ly93d3cudzMub3JnLzE5OTkveGxpbmsiIHdpZHRoPSI0OCIgaGVpZ2h0PSI0OCIgdmlld0JveD0iMCAwIDQ4IDQ4Ij4KPGcgaWQ9Imljb21vb24taWdub3JlIj4KCTxsaW5lIHN0cm9rZS13aWR0aD0iMSIgeDE9IiIgeTE9IiIgeDI9IiIgeTI9IiIgc3Ryb2tlPSIjNDQ5RkRCIiBvcGFjaXR5PSIiPjwvbGluZT4KPC9nPgoJPHBhdGggZD0iTTM4LjQ4IDkuMDcwYzAuMjQ4IDAgMC40NSAwLjIwMiAwLjQ1IDAuNDV2MjguOTU5YzAgMC4yNDgtMC4yMDIgMC40NS0wLjQ1IDAuNDVoLTI4Ljk1OWMtMC4yNDggMC0wLjQ1LTAuMjAyLTAuNDUtMC40NXYtMjguOTU5YzAtMC4yNDggMC4yMDItMC40NSAwLjQ1LTAuNDVoMjguOTU5ek0zOC40OCA4aC0yOC45NTljLTAuODQgMC0xLjUyIDAuNjgxLTEuNTIgMS41MjF2MjguOTU5YzAgMC44NCAwLjY4MSAxLjUyMSAxLjUyIDEuNTIxaDI4Ljk1OWMwLjg0IDAgMS41Mi0wLjY4MSAxLjUyLTEuNTIxdi0yOC45NTljMC0wLjg0LTAuNjgxLTEuNTIxLTEuNTItMS41MjF2MHoiIG9wYWNpdHk9IjEiIHZpc2liaWxpdHk9ImZhbHNlIiBmaWxsPSIjZDdkN2Q3Ij48L3BhdGg+Cgk8cGF0aCBkPSJNMTIuMjI4IDM1LjIyNHYtMy4zMjljMC0wLjE0NSAwLjA1OC0wLjI4NSAwLjE2LTAuMzg4bDUuNTg3LTUuNTg3YzAuMjE0LTAuMjE0IDAuNTYxLTAuMjE0IDAuNzc1IDBsMi4xMTkgMi4xMTljMC4yMTQgMC4yMTQgMC41NjEgMC4yMTQgMC43NzUgMGw4LjE5MS04LjE5MmMwLjIxNC0wLjIxNCAwLjU2MS0wLjIxNCAwLjc3NSAwbDUgNWMwLjEwMyAwLjEwMyAwLjE2IDAuMjQyIDAuMTYgMC4zODh2OS45ODhjMCAwLjMwMy0wLjI0NSAwLjU0OC0wLjU0OCAwLjU0OGgtMjIuNDQ3Yy0wLjMwMyAwLTAuNTQ4LTAuMjQ1LTAuNTQ4LTAuNTQ4eiIgb3BhY2l0eT0iMSIgdmlzaWJpbGl0eT0iZmFsc2UiIGZpbGw9IiNkN2Q3ZDciPjwvcGF0aD4KCTxwYXRoIGQ9Ik0yMS41NDQgMTcuOTY3YzAgMS45ODItMS42MDYgMy41ODgtMy41ODggMy41ODhzLTMuNTg4LTEuNjA2LTMuNTg4LTMuNTg4YzAtMS45ODEgMS42MDYtMy41ODggMy41ODgtMy41ODhzMy41ODggMS42MDYgMy41ODggMy41ODh6IiBvcGFjaXR5PSIxIiB2aXNpYmlsaXR5PSJmYWxzZSIgZmlsbD0iI2Q3ZDdkNyI+PC9wYXRoPgo8L3N2Zz4K" alt="Entenmann's Little Bites Mini Fudge Brownies - 5 ct" skeleton-box-size="9rem" class="product-grid-image object-contain"></div></div> <div class="mobile-product-list-cell_info"><div class="product-tile_detail"><div class="skeleton-loader_wrapper cursor-pointer"><div class="product-grid-cell_price-container product-grid-cell_price-container_column product-grid-cell_price-container--mobile"><span class="product-grid-cell_main-price product-grid-cell_main-price--on-sale"><span class="sr-only">
      Sale Price
    </span>
    $4.99
  </span> <div class="product-grid-cell_was-container"><span class="product-grid-cell_regular-price product-grid-cell_regular-price--small"><span class="sr-only">
        Original Price
      </span>
      $5.79
    </span></div></div> <!----></div> <!----></div> <div class="mobile-product-list-cell_name-content"><div class="skeleton-loader_wrapper"><div class="product-grid-cell_name"><a id="product-name-110891-16760862938271483" href="#" data-opens-modal="true" aria-haspopup="dialog" class="product-grid-cell_name-text product-grid-cell_name-text--clamp-2"><!---->
    Entenmann's Little Bites Mini Fudge Brownies - 5 ct
  </a></div> <!----> <!----></div> <div class="skeleton-loader_wrapper"><div class="product-grid-cell_sizes"><span class="product-grid-cell_size">
    9.75 OZ BOX
  </span> <span aria-hidden="true">
    |
  </span> <!----> <span class="product-grid-cell_unit">
    $0.51 / OZ
  </span></div> <!----></div> <!----> <!----> <!----> <!----> <!----> <!----> <!----></div> <div class="mobile-product-list-cell_bottom"><div class="mobile-product-list-cell_bottom_cart-ui-wrapper"><!----> <!----> <div class="pdl-add-to-cart"><div class="pdl-add-to-cart_button"><button aria-label="Add to cart" data-product-id="110891" data-price="4.99" class="button button--add-to-cart add-sale">
      Add to cart
      <!----></button> <!----> <!----> <!----></div> <!----></div></div> <!----></div></div></div> <div class="product-tile_action-items"><!----> <!----> <div class="shopping-list-menu_container"><div class="relative-el"><button aria-label="add to shopping list" class="button pdl-product-detail_top-icon button--fourth pdl-product-detail_top-icon--borderless"><!----> <div class="vector-icon-size--large"><svg xmlns="http://www.w3.org/2000/svg" aria-label="Shopping List Icon Add" viewBox="0 0 32 32" role="presentation" aria-hidden="true" focusable="false" class="vector-icon-color--dark-grey"><title lang="en">Shopping List Icon Add</title><desc></desc><g fill="" stroke=""><g><path d="M21.94066,15.3368884 L21.94066,12.8931995 C21.94066,12.3409148 22.3883752,11.8931995 22.94066,11.8931995 C23.4929447,11.8931995 23.94066,12.3409148 23.94066,12.8931995 L23.94066,15.3368884 L26.2522624,15.3368884 C26.8045471,15.3368884 27.2522624,15.7846037 27.2522624,16.3368884 C27.2522624,16.8891732 26.8045471,17.3368884 26.2522624,17.3368884 L23.94066,17.3368884 L23.94066,19.8787952 C23.94066,20.43108 23.4929447,20.8787952 22.94066,20.8787952 C22.3883752,20.8787952 21.94066,20.43108 21.94066,19.8787952 L21.94066,17.3368884 L19.2666667,17.3368884 C18.7143819,17.3368884 18.2666667,16.8891732 18.2666667,16.3368884 C18.2666667,15.7846037 18.7143819,15.3368884 19.2666667,15.3368884 L21.94066,15.3368884 Z M8,12 C7.44771525,12 7,11.5522847 7,11 C7,10.4477153 7.44771525,10 8,10 L19.1153581,10 C19.6676429,10 20.1153581,10.4477153 20.1153581,11 C20.1153581,11.5522847 19.6676429,12 19.1153581,12 L8,12 Z M8,17.3368884 C7.44771525,17.3368884 7,16.8891732 7,16.3368884 C7,15.7846037 7.44771525,15.3368884 8,15.3368884 L14.7200696,15.3368884 C15.2723543,15.3368884 15.7200696,15.7846037 15.7200696,16.3368884 C15.7200696,16.8891732 15.2723543,17.3368884 14.7200696,17.3368884 L8,17.3368884 Z M8,23 C7.44771525,23 7,22.5522847 7,22 C7,21.4477153 7.44771525,21 8,21 L19.1153581,21 C19.6676429,21 20.1153581,21.4477153 20.1153581,22 C20.1153581,22.5522847 19.6676429,23 19.1153581,23 L8,23 Z" fill="#000000" fill-rule="nonzero"></path></g></g></svg></div> <div class="pdl-product-detail_list-tooltip"><p>Add item to shopping list</p> <em></em></div></button></div></div></div> <!----></li> <!----><!----> <!----> <!----> <!----> <li tabindex="-1" data-product-id="162136" class="slot mobile-product-list-cell"><!----> <!----> <!----> <!----> <div class="mobile-product-list-cell_content"><div><!----> <div class="flag_outer-container"><!----> <!----> <!----> <!----></div></div> <div class="mobile-product-list-cell_left"><div><!----> <img src="data:image/svg+xml;base64,PD94bWwgdmVyc2lvbj0iMS4wIiBlbmNvZGluZz0idXRmLTgiPz4KPCEtLSBHZW5lcmF0ZWQgYnkgSWNvTW9vbi5pbyAtLT4KPCFET0NUWVBFIHN2ZyBQVUJMSUMgIi0vL1czQy8vRFREIFNWRyAxLjEvL0VOIiAiaHR0cDovL3d3dy53My5vcmcvR3JhcGhpY3MvU1ZHLzEuMS9EVEQvc3ZnMTEuZHRkIj4KPHN2ZyB2ZXJzaW9uPSIxLjEiIHhtbG5zPSJodHRwOi8vd3d3LnczLm9yZy8yMDAwL3N2ZyIgeG1sbnM6eGxpbms9Imh0dHA6Ly93d3cudzMub3JnLzE5OTkveGxpbmsiIHdpZHRoPSI0OCIgaGVpZ2h0PSI0OCIgdmlld0JveD0iMCAwIDQ4IDQ4Ij4KPGcgaWQ9Imljb21vb24taWdub3JlIj4KCTxsaW5lIHN0cm9rZS13aWR0aD0iMSIgeDE9IiIgeTE9IiIgeDI9IiIgeTI9IiIgc3Ryb2tlPSIjNDQ5RkRCIiBvcGFjaXR5PSIiPjwvbGluZT4KPC9nPgoJPHBhdGggZD0iTTM4LjQ4IDkuMDcwYzAuMjQ4IDAgMC40NSAwLjIwMiAwLjQ1IDAuNDV2MjguOTU5YzAgMC4yNDgtMC4yMDIgMC40NS0wLjQ1IDAuNDVoLTI4Ljk1OWMtMC4yNDggMC0wLjQ1LTAuMjAyLTAuNDUtMC40NXYtMjguOTU5YzAtMC4yNDggMC4yMDItMC40NSAwLjQ1LTAuNDVoMjguOTU5ek0zOC40OCA4aC0yOC45NTljLTAuODQgMC0xLjUyIDAuNjgxLTEuNTIgMS41MjF2MjguOTU5YzAgMC44NCAwLjY4MSAxLjUyMSAxLjUyIDEuNTIxaDI4Ljk1OWMwLjg0IDAgMS41Mi0wLjY4MSAxLjUyLTEuNTIxdi0yOC45NTljMC0wLjg0LTAuNjgxLTEuNTIxLTEuNTItMS41MjF2MHoiIG9wYWNpdHk9IjEiIHZpc2liaWxpdHk9ImZhbHNlIiBmaWxsPSIjZDdkN2Q3Ij48L3BhdGg+Cgk8cGF0aCBkPSJNMTIuMjI4IDM1LjIyNHYtMy4zMjljMC0wLjE0NSAwLjA1OC0wLjI4NSAwLjE2LTAuMzg4bDUuNTg3LTUuNTg3YzAuMjE0LTAuMjE0IDAuNTYxLTAuMjE0IDAuNzc1IDBsMi4xMTkgMi4xMTljMC4yMTQgMC4yMTQgMC41NjEgMC4yMTQgMC43NzUgMGw4LjE5MS04LjE5MmMwLjIxNC0wLjIxNCAwLjU2MS0wLjIxNCAwLjc3NSAwbDUgNWMwLjEwMyAwLjEwMyAwLjE2IDAuMjQyIDAuMTYgMC4zODh2OS45ODhjMCAwLjMwMy0wLjI0NSAwLjU0OC0wLjU0OCAwLjU0OGgtMjIuNDQ3Yy0wLjMwMyAwLTAuNTQ4LTAuMjQ1LTAuNTQ4LTAuNTQ4eiIgb3BhY2l0eT0iMSIgdmlzaWJpbGl0eT0iZmFsc2UiIGZpbGw9IiNkN2Q3ZDciPjwvcGF0aD4KCTxwYXRoIGQ9Ik0yMS41NDQgMTcuOTY3YzAgMS45ODItMS42MDYgMy41ODgtMy41ODggMy41ODhzLTMuNTg4LTEuNjA2LTMuNTg4LTMuNTg4YzAtMS45ODEgMS42MDYtMy41ODggMy41ODgtMy41ODhzMy41ODggMS42MDYgMy41ODggMy41ODh6IiBvcGFjaXR5PSIxIiB2aXNpYmlsaXR5PSJmYWxzZSIgZmlsbD0iI2Q3ZDdkNyI+PC9wYXRoPgo8L3N2Zz4K" alt="SkinnyPop Popcorn Gluten Free" skeleton-box-size="9rem" class="product-grid-image object-contain"></div></div> <div class="mobile-product-list-cell_info"><div class="product-tile_detail"><div class="skeleton-loader_wrapper cursor-pointer"><div class="product-grid-cell_price-container product-grid-cell_price-container--mobile"><span class="product-grid-cell_main-price"><!---->
    $3.79
  </span> <!----></div> <!----></div> <!----></div> <div class="mobile-product-list-cell_name-content"><div class="skeleton-loader_wrapper"><div class="product-grid-cell_name"><a id="product-name-162136-16760862938314404" href="#" data-opens-modal="true" aria-haspopup="dialog" class="product-grid-cell_name-text product-grid-cell_name-text--clamp-2"><!---->
    SkinnyPop Popcorn Gluten Free
  </a></div> <!----> <!----></div> <div class="skeleton-loader_wrapper"><div class="product-grid-cell_sizes"><span class="product-grid-cell_size">
    4.4 OZ BAG
  </span> <span aria-hidden="true">
    |
  </span> <!----> <span class="product-grid-cell_unit">
    $0.86 / OZ
  </span></div> <!----></div> <!----> <!----> <!----> <!----> <!----> <!----> <!----></div> <div class="mobile-product-list-cell_bottom"><div class="mobile-product-list-cell_bottom_cart-ui-wrapper"><!----> <!----> <div class="pdl-add-to-cart"><div class="pdl-add-to-cart_button"><button aria-label="Add to cart" data-product-id="162136" data-price="3.79" class="button button--add-to-cart">
      Add to cart
      <!----></button> <!----> <!----> <!----></div> <!----></div></div> <!----></div></div></div> <div class="product-tile_action-items"><!----> <!----> <div class="shopping-list-menu_container"><div class="relative-el"><button aria-label="add to shopping list" class="button pdl-product-detail_top-icon button--fourth pdl-product-detail_top-icon--borderless"><!----> <div class="vector-icon-size--large"><svg xmlns="http://www.w3.org/2000/svg" aria-label="Shopping List Icon Add" viewBox="0 0 32 32" role="presentation" aria-hidden="true" focusable="false" class="vector-icon-color--dark-grey"><title lang="en">Shopping List Icon Add</title><desc></desc><g fill="" stroke=""><g><path d="M21.94066,15.3368884 L21.94066,12.8931995 C21.94066,12.3409148 22.3883752,11.8931995 22.94066,11.8931995 C23.4929447,11.8931995 23.94066,12.3409148 23.94066,12.8931995 L23.94066,15.3368884 L26.2522624,15.3368884 C26.8045471,15.3368884 27.2522624,15.7846037 27.2522624,16.3368884 C27.2522624,16.8891732 26.8045471,17.3368884 26.2522624,17.3368884 L23.94066,17.3368884 L23.94066,19.8787952 C23.94066,20.43108 23.4929447,20.8787952 22.94066,20.8787952 C22.3883752,20.8787952 21.94066,20.43108 21.94066,19.8787952 L21.94066,17.3368884 L19.2666667,17.3368884 C18.7143819,17.3368884 18.2666667,16.8891732 18.2666667,16.3368884 C18.2666667,15.7846037 18.7143819,15.3368884 19.2666667,15.3368884 L21.94066,15.3368884 Z M8,12 C7.44771525,12 7,11.5522847 7,11 C7,10.4477153 7.44771525,10 8,10 L19.1153581,10 C19.6676429,10 20.1153581,10.4477153 20.1153581,11 C20.1153581,11.5522847 19.6676429,12 19.1153581,12 L8,12 Z M8,17.3368884 C7.44771525,17.3368884 7,16.8891732 7,16.3368884 C7,15.7846037 7.44771525,15.3368884 8,15.3368884 L14.7200696,15.3368884 C15.2723543,15.3368884 15.7200696,15.7846037 15.7200696,16.3368884 C15.7200696,16.8891732 15.2723543,17.3368884 14.7200696,17.3368884 L8,17.3368884 Z M8,23 C7.44771525,23 7,22.5522847 7,22 C7,21.4477153 7.44771525,21 8,21 L19.1153581,21 C19.6676429,21 20.1153581,21.4477153 20.1153581,22 C20.1153581,22.5522847 19.6676429,23 19.1153581,23 L8,23 Z" fill="#000000" fill-rule="nonzero"></path></g></g></svg></div> <div class="pdl-product-detail_list-tooltip"><p>Add item to shopping list</p> <em></em></div></button></div></div></div> <!----></li> <!----><!----> <!----> <!----> <!----> <li tabindex="-1" data-product-id="118772" class="slot mobile-product-list-cell"><!----> <!----> <!----> <!----> <div class="mobile-product-list-cell_content"><div><!----> <div class="flag_outer-container"><!----> <!----> <!----> <!----></div></div> <div class="mobile-product-list-cell_left"><div><!----> <img src="data:image/svg+xml;base64,PD94bWwgdmVyc2lvbj0iMS4wIiBlbmNvZGluZz0idXRmLTgiPz4KPCEtLSBHZW5lcmF0ZWQgYnkgSWNvTW9vbi5pbyAtLT4KPCFET0NUWVBFIHN2ZyBQVUJMSUMgIi0vL1czQy8vRFREIFNWRyAxLjEvL0VOIiAiaHR0cDovL3d3dy53My5vcmcvR3JhcGhpY3MvU1ZHLzEuMS9EVEQvc3ZnMTEuZHRkIj4KPHN2ZyB2ZXJzaW9uPSIxLjEiIHhtbG5zPSJodHRwOi8vd3d3LnczLm9yZy8yMDAwL3N2ZyIgeG1sbnM6eGxpbms9Imh0dHA6Ly93d3cudzMub3JnLzE5OTkveGxpbmsiIHdpZHRoPSI0OCIgaGVpZ2h0PSI0OCIgdmlld0JveD0iMCAwIDQ4IDQ4Ij4KPGcgaWQ9Imljb21vb24taWdub3JlIj4KCTxsaW5lIHN0cm9rZS13aWR0aD0iMSIgeDE9IiIgeTE9IiIgeDI9IiIgeTI9IiIgc3Ryb2tlPSIjNDQ5RkRCIiBvcGFjaXR5PSIiPjwvbGluZT4KPC9nPgoJPHBhdGggZD0iTTM4LjQ4IDkuMDcwYzAuMjQ4IDAgMC40NSAwLjIwMiAwLjQ1IDAuNDV2MjguOTU5YzAgMC4yNDgtMC4yMDIgMC40NS0wLjQ1IDAuNDVoLTI4Ljk1OWMtMC4yNDggMC0wLjQ1LTAuMjAyLTAuNDUtMC40NXYtMjguOTU5YzAtMC4yNDggMC4yMDItMC40NSAwLjQ1LTAuNDVoMjguOTU5ek0zOC40OCA4aC0yOC45NTljLTAuODQgMC0xLjUyIDAuNjgxLTEuNTIgMS41MjF2MjguOTU5YzAgMC44NCAwLjY4MSAxLjUyMSAxLjUyIDEuNTIxaDI4Ljk1OWMwLjg0IDAgMS41Mi0wLjY4MSAxLjUyLTEuNTIxdi0yOC45NTljMC0wLjg0LTAuNjgxLTEuNTIxLTEuNTItMS41MjF2MHoiIG9wYWNpdHk9IjEiIHZpc2liaWxpdHk9ImZhbHNlIiBmaWxsPSIjZDdkN2Q3Ij48L3BhdGg+Cgk8cGF0aCBkPSJNMTIuMjI4IDM1LjIyNHYtMy4zMjljMC0wLjE0NSAwLjA1OC0wLjI4NSAwLjE2LTAuMzg4bDUuNTg3LTUuNTg3YzAuMjE0LTAuMjE0IDAuNTYxLTAuMjE0IDAuNzc1IDBsMi4xMTkgMi4xMTljMC4yMTQgMC4yMTQgMC41NjEgMC4yMTQgMC43NzUgMGw4LjE5MS04LjE5MmMwLjIxNC0wLjIxNCAwLjU2MS0wLjIxNCAwLjc3NSAwbDUgNWMwLjEwMyAwLjEwMyAwLjE2IDAuMjQyIDAuMTYgMC4zODh2OS45ODhjMCAwLjMwMy0wLjI0NSAwLjU0OC0wLjU0OCAwLjU0OGgtMjIuNDQ3Yy0wLjMwMyAwLTAuNTQ4LTAuMjQ1LTAuNTQ4LTAuNTQ4eiIgb3BhY2l0eT0iMSIgdmlzaWJpbGl0eT0iZmFsc2UiIGZpbGw9IiNkN2Q3ZDciPjwvcGF0aD4KCTxwYXRoIGQ9Ik0yMS41NDQgMTcuOTY3YzAgMS45ODItMS42MDYgMy41ODgtMy41ODggMy41ODhzLTMuNTg4LTEuNjA2LTMuNTg4LTMuNTg4YzAtMS45ODEgMS42MDYtMy41ODggMy41ODgtMy41ODhzMy41ODggMS42MDYgMy41ODggMy41ODh6IiBvcGFjaXR5PSIxIiB2aXNpYmlsaXR5PSJmYWxzZSIgZmlsbD0iI2Q3ZDdkNyI+PC9wYXRoPgo8L3N2Zz4K" alt="Stop &amp; Shop Baby Bella Mushrooms Whole" skeleton-box-size="9rem" class="product-grid-image object-contain"></div></div> <div class="mobile-product-list-cell_info"><div class="product-tile_detail"><div class="skeleton-loader_wrapper cursor-pointer"><div class="product-grid-cell_price-container product-grid-cell_price-container--mobile"><span class="product-grid-cell_main-price"><!---->
    $2.99
  </span> <!----></div> <!----></div> <!----></div> <div class="mobile-product-list-cell_name-content"><div class="skeleton-loader_wrapper"><div class="product-grid-cell_name"><a id="product-name-118772-16760862938330104" href="#" data-opens-modal="true" aria-haspopup="dialog" class="product-grid-cell_name-text product-grid-cell_name-text--clamp-2"><span class="vector-icon_inline-text--left mr-0"><div class="vector-icon-size--xsmall"><svg xmlns="http://www.w3.org/2000/svg" aria-label="Ahold Icon" viewBox="0 0 1024 945" role="presentation" aria-hidden="true" focusable="false" class=""><title lang="en">Ahold Icon</title><desc></desc><g fill="" stroke=""><g><path d="M1.893 730.617c-1.289-2.094-2.052-4.631-2.052-7.346 0-.747.058-1.481.169-2.197.158-12.396 10.227-22.466 22.687-22.634h895.306c12.476.168 22.545 10.237 22.713 22.698-.521 3.721-1.182 6.924-2.024 10.053l.131-.574c-86.363 175.072-263.598 293.385-468.466 293.385S88.254 905.689 3.252 733.663l-1.361-3.046z" fill="#F7A800" class="path1"></path> <path d="M107.889 132.495c1.893-1.893 1.893-3.786 3.786-5.678 2.98-3.491 7.385-5.69 12.303-5.69s9.323 2.199 12.284 5.668l.019.022L613.264 603.8c3.491 2.98 5.69 7.385 5.69 12.303s-2.199 9.323-5.668 12.284c-1.399 1.869-3.361 3.216-5.631 3.789l-.069.015c-38.446 13.732-82.796 21.669-129.001 21.669-108.416 0-206.626-43.699-277.977-114.443C130.241 467.591 86.799 369.1 86.799 260.462c0-45.803 7.722-89.803 21.936-130.767l-.845 2.8z" fill="#E2231A" class="path2"></path> <path d="M600.015 1.893a6.922 6.922 0 0 1 5.713-1.889c.057-.006.164-.007.272-.007 7.15 0 12.947 5.796 12.947 12.947 0 .108-.001.215-.004.322v-.016 503.482c.002.091.004.199.004.306 0 7.15-5.796 12.947-12.947 12.947-.108 0-.215-.001-.322-.004a6.925 6.925 0 0 1-5.665-1.895l.002.002c-98.273-48.542-164.673-148.065-164.673-263.098S501.743 50.434 598.306 2.657l1.709-.765z" fill="#712177" class="path3"></path> <path d="M938.824 283.919c1.893 0 1.893 1.893 3.786 1.893 1.765 2.012 2.841 4.666 2.841 7.571s-1.077 5.559-2.853 7.584l.011-.013-268.776 266.884c-2.012 1.765-4.666 2.841-7.571 2.841s-5.559-1.077-7.584-2.853a3.774 3.774 0 0 1-1.877-3.793l-.002.019c-7.681-21.529-12.12-46.363-12.12-72.235 0-61.263 24.891-116.712 65.111-156.786 39.326-39.792 93.895-64.431 154.219-64.431 26.857 0 52.573 4.884 76.309 13.812l-1.494-.493z" fill="#82BC00" class="path4"></path></g></g></svg></div></span>
    Stop &amp; Shop Baby Bella Mushrooms Whole
  </a></div> <!----> <!----></div> <div class="skeleton-loader_wrapper"><div class="product-grid-cell_sizes"><span class="product-grid-cell_size">
    8 OZ PKG
  </span> <span aria-hidden="true">
    |
  </span> <!----> <span class="product-grid-cell_unit">
    $0.37 / OZ
  </span></div> <!----></div> <!----> <!----> <!----> <!----> <!----> <!----> <!----></div> <div class="mobile-product-list-cell_bottom"><div class="mobile-product-list-cell_bottom_cart-ui-wrapper"><!----> <!----> <div class="pdl-add-to-cart"><div class="pdl-add-to-cart_button"><button aria-label="Add to cart" data-product-id="118772" data-price="2.99" class="button button--add-to-cart">
      Add to cart
      <!----></button> <!----> <!----> <!----></div> <!----></div></div> <!----></div></div></div> <div class="product-tile_action-items"><!----> <!----> <div class="shopping-list-menu_container"><div class="relative-el"><button aria-label="add to shopping list" class="button pdl-product-detail_top-icon button--fourth pdl-product-detail_top-icon--borderless"><!----> <div class="vector-icon-size--large"><svg xmlns="http://www.w3.org/2000/svg" aria-label="Shopping List Icon Add" viewBox="0 0 32 32" role="presentation" aria-hidden="true" focusable="false" class="vector-icon-color--dark-grey"><title lang="en">Shopping List Icon Add</title><desc></desc><g fill="" stroke=""><g><path d="M21.94066,15.3368884 L21.94066,12.8931995 C21.94066,12.3409148 22.3883752,11.8931995 22.94066,11.8931995 C23.4929447,11.8931995 23.94066,12.3409148 23.94066,12.8931995 L23.94066,15.3368884 L26.2522624,15.3368884 C26.8045471,15.3368884 27.2522624,15.7846037 27.2522624,16.3368884 C27.2522624,16.8891732 26.8045471,17.3368884 26.2522624,17.3368884 L23.94066,17.3368884 L23.94066,19.8787952 C23.94066,20.43108 23.4929447,20.8787952 22.94066,20.8787952 C22.3883752,20.8787952 21.94066,20.43108 21.94066,19.8787952 L21.94066,17.3368884 L19.2666667,17.3368884 C18.7143819,17.3368884 18.2666667,16.8891732 18.2666667,16.3368884 C18.2666667,15.7846037 18.7143819,15.3368884 19.2666667,15.3368884 L21.94066,15.3368884 Z M8,12 C7.44771525,12 7,11.5522847 7,11 C7,10.4477153 7.44771525,10 8,10 L19.1153581,10 C19.6676429,10 20.1153581,10.4477153 20.1153581,11 C20.1153581,11.5522847 19.6676429,12 19.1153581,12 L8,12 Z M8,17.3368884 C7.44771525,17.3368884 7,16.8891732 7,16.3368884 C7,15.7846037 7.44771525,15.3368884 8,15.3368884 L14.7200696,15.3368884 C15.2723543,15.3368884 15.7200696,15.7846037 15.7200696,16.3368884 C15.7200696,16.8891732 15.2723543,17.3368884 14.7200696,17.3368884 L8,17.3368884 Z M8,23 C7.44771525,23 7,22.5522847 7,22 C7,21.4477153 7.44771525,21 8,21 L19.1153581,21 C19.6676429,21 20.1153581,21.4477153 20.1153581,22 C20.1153581,22.5522847 19.6676429,23 19.1153581,23 L8,23 Z" fill="#000000" fill-rule="nonzero"></path></g></g></svg></div> <div class="pdl-product-detail_list-tooltip"><p>Add item to shopping list</p> <em></em></div></button></div></div></div> <!----></li> <!----><!----> <!----> <!----> <!----> <li tabindex="-1" data-product-id="301907" class="slot mobile-product-list-cell"><!----> <!----> <!----> <!----> <div class="mobile-product-list-cell_content"><div><!----> <div class="flag_outer-container"><!----> <!----> <!----> <!----></div></div> <div class="mobile-product-list-cell_left"><div><!----> <img src="data:image/svg+xml;base64,PD94bWwgdmVyc2lvbj0iMS4wIiBlbmNvZGluZz0idXRmLTgiPz4KPCEtLSBHZW5lcmF0ZWQgYnkgSWNvTW9vbi5pbyAtLT4KPCFET0NUWVBFIHN2ZyBQVUJMSUMgIi0vL1czQy8vRFREIFNWRyAxLjEvL0VOIiAiaHR0cDovL3d3dy53My5vcmcvR3JhcGhpY3MvU1ZHLzEuMS9EVEQvc3ZnMTEuZHRkIj4KPHN2ZyB2ZXJzaW9uPSIxLjEiIHhtbG5zPSJodHRwOi8vd3d3LnczLm9yZy8yMDAwL3N2ZyIgeG1sbnM6eGxpbms9Imh0dHA6Ly93d3cudzMub3JnLzE5OTkveGxpbmsiIHdpZHRoPSI0OCIgaGVpZ2h0PSI0OCIgdmlld0JveD0iMCAwIDQ4IDQ4Ij4KPGcgaWQ9Imljb21vb24taWdub3JlIj4KCTxsaW5lIHN0cm9rZS13aWR0aD0iMSIgeDE9IiIgeTE9IiIgeDI9IiIgeTI9IiIgc3Ryb2tlPSIjNDQ5RkRCIiBvcGFjaXR5PSIiPjwvbGluZT4KPC9nPgoJPHBhdGggZD0iTTM4LjQ4IDkuMDcwYzAuMjQ4IDAgMC40NSAwLjIwMiAwLjQ1IDAuNDV2MjguOTU5YzAgMC4yNDgtMC4yMDIgMC40NS0wLjQ1IDAuNDVoLTI4Ljk1OWMtMC4yNDggMC0wLjQ1LTAuMjAyLTAuNDUtMC40NXYtMjguOTU5YzAtMC4yNDggMC4yMDItMC40NSAwLjQ1LTAuNDVoMjguOTU5ek0zOC40OCA4aC0yOC45NTljLTAuODQgMC0xLjUyIDAuNjgxLTEuNTIgMS41MjF2MjguOTU5YzAgMC44NCAwLjY4MSAxLjUyMSAxLjUyIDEuNTIxaDI4Ljk1OWMwLjg0IDAgMS41Mi0wLjY4MSAxLjUyLTEuNTIxdi0yOC45NTljMC0wLjg0LTAuNjgxLTEuNTIxLTEuNTItMS41MjF2MHoiIG9wYWNpdHk9IjEiIHZpc2liaWxpdHk9ImZhbHNlIiBmaWxsPSIjZDdkN2Q3Ij48L3BhdGg+Cgk8cGF0aCBkPSJNMTIuMjI4IDM1LjIyNHYtMy4zMjljMC0wLjE0NSAwLjA1OC0wLjI4NSAwLjE2LTAuMzg4bDUuNTg3LTUuNTg3YzAuMjE0LTAuMjE0IDAuNTYxLTAuMjE0IDAuNzc1IDBsMi4xMTkgMi4xMTljMC4yMTQgMC4yMTQgMC41NjEgMC4yMTQgMC43NzUgMGw4LjE5MS04LjE5MmMwLjIxNC0wLjIxNCAwLjU2MS0wLjIxNCAwLjc3NSAwbDUgNWMwLjEwMyAwLjEwMyAwLjE2IDAuMjQyIDAuMTYgMC4zODh2OS45ODhjMCAwLjMwMy0wLjI0NSAwLjU0OC0wLjU0OCAwLjU0OGgtMjIuNDQ3Yy0wLjMwMyAwLTAuNTQ4LTAuMjQ1LTAuNTQ4LTAuNTQ4eiIgb3BhY2l0eT0iMSIgdmlzaWJpbGl0eT0iZmFsc2UiIGZpbGw9IiNkN2Q3ZDciPjwvcGF0aD4KCTxwYXRoIGQ9Ik0yMS41NDQgMTcuOTY3YzAgMS45ODItMS42MDYgMy41ODgtMy41ODggMy41ODhzLTMuNTg4LTEuNjA2LTMuNTg4LTMuNTg4YzAtMS45ODEgMS42MDYtMy41ODggMy41ODgtMy41ODhzMy41ODggMS42MDYgMy41ODggMy41ODh6IiBvcGFjaXR5PSIxIiB2aXNpYmlsaXR5PSJmYWxzZSIgZmlsbD0iI2Q3ZDdkNyI+PC9wYXRoPgo8L3N2Zz4K" alt="Stop &amp; Shop Chicken Breasts Boneless Skinless 99% Fat Free - 3 ct Fresh" skeleton-box-size="9rem" class="product-grid-image object-contain"></div></div> <div class="mobile-product-list-cell_info"><div class="product-tile_detail"><div class="skeleton-loader_wrapper cursor-pointer"><div class="product-grid-cell_price-container product-grid-cell_price-container--mobile"><span class="product-grid-cell_main-price"><!---->
    $11.48
  </span> <!----></div> <!----></div> <!----></div> <div class="mobile-product-list-cell_name-content"><div class="skeleton-loader_wrapper"><div class="product-grid-cell_name"><a id="product-name-301907-16760862938363563" href="#" data-opens-modal="true" aria-haspopup="dialog" class="product-grid-cell_name-text product-grid-cell_name-text--clamp-2"><span class="vector-icon_inline-text--left mr-0"><div class="vector-icon-size--xsmall"><svg xmlns="http://www.w3.org/2000/svg" aria-label="Ahold Icon" viewBox="0 0 1024 945" role="presentation" aria-hidden="true" focusable="false" class=""><title lang="en">Ahold Icon</title><desc></desc><g fill="" stroke=""><g><path d="M1.893 730.617c-1.289-2.094-2.052-4.631-2.052-7.346 0-.747.058-1.481.169-2.197.158-12.396 10.227-22.466 22.687-22.634h895.306c12.476.168 22.545 10.237 22.713 22.698-.521 3.721-1.182 6.924-2.024 10.053l.131-.574c-86.363 175.072-263.598 293.385-468.466 293.385S88.254 905.689 3.252 733.663l-1.361-3.046z" fill="#F7A800" class="path1"></path> <path d="M107.889 132.495c1.893-1.893 1.893-3.786 3.786-5.678 2.98-3.491 7.385-5.69 12.303-5.69s9.323 2.199 12.284 5.668l.019.022L613.264 603.8c3.491 2.98 5.69 7.385 5.69 12.303s-2.199 9.323-5.668 12.284c-1.399 1.869-3.361 3.216-5.631 3.789l-.069.015c-38.446 13.732-82.796 21.669-129.001 21.669-108.416 0-206.626-43.699-277.977-114.443C130.241 467.591 86.799 369.1 86.799 260.462c0-45.803 7.722-89.803 21.936-130.767l-.845 2.8z" fill="#E2231A" class="path2"></path> <path d="M600.015 1.893a6.922 6.922 0 0 1 5.713-1.889c.057-.006.164-.007.272-.007 7.15 0 12.947 5.796 12.947 12.947 0 .108-.001.215-.004.322v-.016 503.482c.002.091.004.199.004.306 0 7.15-5.796 12.947-12.947 12.947-.108 0-.215-.001-.322-.004a6.925 6.925 0 0 1-5.665-1.895l.002.002c-98.273-48.542-164.673-148.065-164.673-263.098S501.743 50.434 598.306 2.657l1.709-.765z" fill="#712177" class="path3"></path> <path d="M938.824 283.919c1.893 0 1.893 1.893 3.786 1.893 1.765 2.012 2.841 4.666 2.841 7.571s-1.077 5.559-2.853 7.584l.011-.013-268.776 266.884c-2.012 1.765-4.666 2.841-7.571 2.841s-5.559-1.077-7.584-2.853a3.774 3.774 0 0 1-1.877-3.793l-.002.019c-7.681-21.529-12.12-46.363-12.12-72.235 0-61.263 24.891-116.712 65.111-156.786 39.326-39.792 93.895-64.431 154.219-64.431 26.857 0 52.573 4.884 76.309 13.812l-1.494-.493z" fill="#82BC00" class="path4"></path></g></g></svg></div></span>
    Stop &amp; Shop Chicken Breasts Boneless Skinless 99% Fat Free - 3 ct Fresh
  </a></div> <!----> <!----></div> <div class="skeleton-loader_wrapper"><div class="product-grid-cell_sizes"><span class="product-grid-cell_size">
    APX 2.3 LB
  </span> <span aria-hidden="true">
    |
  </span> <!----> <span class="product-grid-cell_unit">
    $4.99 / LB
  </span></div> <!----></div> <!----> <!----> <!----> <!----> <!----> <!----> <!----></div> <div class="mobile-product-list-cell_bottom"><div class="mobile-product-list-cell_bottom_cart-ui-wrapper"><!----> <!----> <div class="pdl-add-to-cart"><div class="pdl-add-to-cart_button"><button aria-label="Add to cart" data-product-id="301907" data-price="11.48" class="button button--add-to-cart">
      Add to cart
      <!----></button> <!----> <!----> <!----></div> <!----></div></div> <!----></div></div></div> <div class="product-tile_action-items"><!----> <!----> <div class="shopping-list-menu_container"><div class="relative-el"><button aria-label="add to shopping list" class="button pdl-product-detail_top-icon button--fourth pdl-product-detail_top-icon--borderless"><!----> <div class="vector-icon-size--large"><svg xmlns="http://www.w3.org/2000/svg" aria-label="Shopping List Icon Add" viewBox="0 0 32 32" role="presentation" aria-hidden="true" focusable="false" class="vector-icon-color--dark-grey"><title lang="en">Shopping List Icon Add</title><desc></desc><g fill="" stroke=""><g><path d="M21.94066,15.3368884 L21.94066,12.8931995 C21.94066,12.3409148 22.3883752,11.8931995 22.94066,11.8931995 C23.4929447,11.8931995 23.94066,12.3409148 23.94066,12.8931995 L23.94066,15.3368884 L26.2522624,15.3368884 C26.8045471,15.3368884 27.2522624,15.7846037 27.2522624,16.3368884 C27.2522624,16.8891732 26.8045471,17.3368884 26.2522624,17.3368884 L23.94066,17.3368884 L23.94066,19.8787952 C23.94066,20.43108 23.4929447,20.8787952 22.94066,20.8787952 C22.3883752,20.8787952 21.94066,20.43108 21.94066,19.8787952 L21.94066,17.3368884 L19.2666667,17.3368884 C18.7143819,17.3368884 18.2666667,16.8891732 18.2666667,16.3368884 C18.2666667,15.7846037 18.7143819,15.3368884 19.2666667,15.3368884 L21.94066,15.3368884 Z M8,12 C7.44771525,12 7,11.5522847 7,11 C7,10.4477153 7.44771525,10 8,10 L19.1153581,10 C19.6676429,10 20.1153581,10.4477153 20.1153581,11 C20.1153581,11.5522847 19.6676429,12 19.1153581,12 L8,12 Z M8,17.3368884 C7.44771525,17.3368884 7,16.8891732 7,16.3368884 C7,15.7846037 7.44771525,15.3368884 8,15.3368884 L14.7200696,15.3368884 C15.2723543,15.3368884 15.7200696,15.7846037 15.7200696,16.3368884 C15.7200696,16.8891732 15.2723543,17.3368884 14.7200696,17.3368884 L8,17.3368884 Z M8,23 C7.44771525,23 7,22.5522847 7,22 C7,21.4477153 7.44771525,21 8,21 L19.1153581,21 C19.6676429,21 20.1153581,21.4477153 20.1153581,22 C20.1153581,22.5522847 19.6676429,23 19.1153581,23 L8,23 Z" fill="#000000" fill-rule="nonzero"></path></g></g></svg></div> <div class="pdl-product-detail_list-tooltip"><p>Add item to shopping list</p> <em></em></div></button></div></div></div> <!----></li> <!----><!----> <!----> <!----> <!----> <li tabindex="-1" data-product-id="3428" class="slot mobile-product-list-cell"><!----> <!----> <!----> <!----> <div class="mobile-product-list-cell_content"><div><!----> <div class="flag_outer-container"><div class=""><svg xmlns="http://www.w3.org/2000/svg" aria-label="Sale" viewBox="0 0 32 32" role="presentation" aria-hidden="true" focusable="false" class="w-20 ml-3"><title lang="en">Sale</title><desc></desc><g fill="" stroke=""><g><path d="M16.56 19.87a3.81 3.81 0 0 1-1-.13l-13.39-3.5a1.5 1.5 0 0 1-1.12-1.34l-.81-11a1.52 1.52 0 0 1 1.39-1.61l27.69-2h.11a1.51 1.51 0 0 1 1.5 1.4l.82 11a1.52 1.52 0 0 1-.91 1.5l-12.72 5.36a3.79 3.79 0 0 1-1.56.32Z" fill="#ed1256"></path><path fill="#fff" d="M29.43.48a1.26 1.26 0 0 1 1.26 1.17l.82 11a1.27 1.27 0 0 1-.76 1.26L18 19.34a3.72 3.72 0 0 1-1.47.3 3.79 3.79 0 0 1-.94-.12L2.24 16a1.27 1.27 0 0 1-1-1.13l-.81-11a1.26 1.26 0 0 1 1.22-1.33L29.34.48h.09m0-.48h-.13L1.62 2A1.76 1.76 0 0 0 0 3.92l.82 11a1.73 1.73 0 0 0 1.3 1.55L15.5 20a4.3 4.3 0 0 0 1.07.14 4.24 4.24 0 0 0 1.65-.34l12.72-5.44A1.76 1.76 0 0 0 32 12.59l-.82-11A1.76 1.76 0 0 0 29.43 0Z"></path><path fill="#fff" d="M3.74 9.87a3 3 0 0 0 .82.55 2.21 2.21 0 0 0 1.08.19 1.6 1.6 0 0 0 .29 0 1 1 0 0 0 .26-.12.58.58 0 0 0 .18-.2.62.62 0 0 0 0-.31.59.59 0 0 0-.32-.49 3.38 3.38 0 0 0-.85-.34L4.84 9a4.19 4.19 0 0 1-.69-.26 2.44 2.44 0 0 1-.63-.41 1.92 1.92 0 0 1-.7-1.42 2.68 2.68 0 0 1 .1-1A2.2 2.2 0 0 1 3.39 5a2.42 2.42 0 0 1 .82-.6 3.15 3.15 0 0 1 1.17-.28 3.68 3.68 0 0 1 1.72.24 3 3 0 0 1 .57.29A2.66 2.66 0 0 1 8 5l-.82 1.37a4.42 4.42 0 0 0-.82-.45 2 2 0 0 0-.85-.13 1.4 1.4 0 0 0-.28.06A.9.9 0 0 0 5 6a.62.62 0 0 0-.16.2.5.5 0 0 0 0 .28.6.6 0 0 0 .1.31.68.68 0 0 0 .24.2 1.27 1.27 0 0 0 .35.15l.43.13.35.09a7.49 7.49 0 0 1 .69.22 2.2 2.2 0 0 1 .72.42 2.46 2.46 0 0 1 .54.68 2.31 2.31 0 0 1 .27 1 2.15 2.15 0 0 1-.15 1 2.53 2.53 0 0 1-.56.84 2.77 2.77 0 0 1-.88.59 4 4 0 0 1-1.11.27A4.67 4.67 0 0 1 4 12.25a3.79 3.79 0 0 1-1.28-.75ZM11.29 3.89l2.17-.16 3.1 7.7-2 .15L14 10l-2.39.18-.35 1.67-2 .14Zm2.15 4.6-1-2.84-.61 2.95ZM17 3.47l1.89-.14.44 6 3.3-.25.16 1.92-5.19.39ZM23.36 3l5.13-.38.13 1.8-3.24.24.09 1.22 2.66-.2.12 1.7-2.65.2.09 1.35 3.46-.26.13 1.81-5.34.4Z"></path></g></g></svg></div> <!----> <!----> <!----></div></div> <div class="mobile-product-list-cell_left"><div><!----> <img src="data:image/svg+xml;base64,PD94bWwgdmVyc2lvbj0iMS4wIiBlbmNvZGluZz0idXRmLTgiPz4KPCEtLSBHZW5lcmF0ZWQgYnkgSWNvTW9vbi5pbyAtLT4KPCFET0NUWVBFIHN2ZyBQVUJMSUMgIi0vL1czQy8vRFREIFNWRyAxLjEvL0VOIiAiaHR0cDovL3d3dy53My5vcmcvR3JhcGhpY3MvU1ZHLzEuMS9EVEQvc3ZnMTEuZHRkIj4KPHN2ZyB2ZXJzaW9uPSIxLjEiIHhtbG5zPSJodHRwOi8vd3d3LnczLm9yZy8yMDAwL3N2ZyIgeG1sbnM6eGxpbms9Imh0dHA6Ly93d3cudzMub3JnLzE5OTkveGxpbmsiIHdpZHRoPSI0OCIgaGVpZ2h0PSI0OCIgdmlld0JveD0iMCAwIDQ4IDQ4Ij4KPGcgaWQ9Imljb21vb24taWdub3JlIj4KCTxsaW5lIHN0cm9rZS13aWR0aD0iMSIgeDE9IiIgeTE9IiIgeDI9IiIgeTI9IiIgc3Ryb2tlPSIjNDQ5RkRCIiBvcGFjaXR5PSIiPjwvbGluZT4KPC9nPgoJPHBhdGggZD0iTTM4LjQ4IDkuMDcwYzAuMjQ4IDAgMC40NSAwLjIwMiAwLjQ1IDAuNDV2MjguOTU5YzAgMC4yNDgtMC4yMDIgMC40NS0wLjQ1IDAuNDVoLTI4Ljk1OWMtMC4yNDggMC0wLjQ1LTAuMjAyLTAuNDUtMC40NXYtMjguOTU5YzAtMC4yNDggMC4yMDItMC40NSAwLjQ1LTAuNDVoMjguOTU5ek0zOC40OCA4aC0yOC45NTljLTAuODQgMC0xLjUyIDAuNjgxLTEuNTIgMS41MjF2MjguOTU5YzAgMC44NCAwLjY4MSAxLjUyMSAxLjUyIDEuNTIxaDI4Ljk1OWMwLjg0IDAgMS41Mi0wLjY4MSAxLjUyLTEuNTIxdi0yOC45NTljMC0wLjg0LTAuNjgxLTEuNTIxLTEuNTItMS41MjF2MHoiIG9wYWNpdHk9IjEiIHZpc2liaWxpdHk9ImZhbHNlIiBmaWxsPSIjZDdkN2Q3Ij48L3BhdGg+Cgk8cGF0aCBkPSJNMTIuMjI4IDM1LjIyNHYtMy4zMjljMC0wLjE0NSAwLjA1OC0wLjI4NSAwLjE2LTAuMzg4bDUuNTg3LTUuNTg3YzAuMjE0LTAuMjE0IDAuNTYxLTAuMjE0IDAuNzc1IDBsMi4xMTkgMi4xMTljMC4yMTQgMC4yMTQgMC41NjEgMC4yMTQgMC43NzUgMGw4LjE5MS04LjE5MmMwLjIxNC0wLjIxNCAwLjU2MS0wLjIxNCAwLjc3NSAwbDUgNWMwLjEwMyAwLjEwMyAwLjE2IDAuMjQyIDAuMTYgMC4zODh2OS45ODhjMCAwLjMwMy0wLjI0NSAwLjU0OC0wLjU0OCAwLjU0OGgtMjIuNDQ3Yy0wLjMwMyAwLTAuNTQ4LTAuMjQ1LTAuNTQ4LTAuNTQ4eiIgb3BhY2l0eT0iMSIgdmlzaWJpbGl0eT0iZmFsc2UiIGZpbGw9IiNkN2Q3ZDciPjwvcGF0aD4KCTxwYXRoIGQ9Ik0yMS41NDQgMTcuOTY3YzAgMS45ODItMS42MDYgMy41ODgtMy41ODggMy41ODhzLTMuNTg4LTEuNjA2LTMuNTg4LTMuNTg4YzAtMS45ODEgMS42MDYtMy41ODggMy41ODgtMy41ODhzMy41ODggMS42MDYgMy41ODggMy41ODh6IiBvcGFjaXR5PSIxIiB2aXNpYmlsaXR5PSJmYWxzZSIgZmlsbD0iI2Q3ZDdkNyI+PC9wYXRoPgo8L3N2Zz4K" alt="RAGU Old World Style Pasta Sauce Traditional with Olive Oil" skeleton-box-size="9rem" class="product-grid-image object-contain"></div></div> <div class="mobile-product-list-cell_info"><div class="product-tile_detail"><div class="skeleton-loader_wrapper cursor-pointer"><div class="product-grid-cell_price-container product-grid-cell_price-container_column product-grid-cell_price-container--mobile"><span class="product-grid-cell_main-price product-grid-cell_main-price--on-sale"><span class="sr-only">
      Sale Price
    </span>
    $2.00
  </span> <div class="product-grid-cell_was-container"><span class="product-grid-cell_regular-price product-grid-cell_regular-price--small"><span class="sr-only">
        Original Price
      </span>
      $2.69
    </span></div></div> <!----></div> <!----></div> <div class="mobile-product-list-cell_name-content"><div class="skeleton-loader_wrapper"><div class="product-grid-cell_name"><a id="product-name-3428-16760862938447348" href="#" data-opens-modal="true" aria-haspopup="dialog" class="product-grid-cell_name-text product-grid-cell_name-text--clamp-2"><!---->
    RAGU Old World Style Pasta Sauce Traditional with Olive Oil
  </a></div> <!----> <!----></div> <div class="skeleton-loader_wrapper"><div class="product-grid-cell_sizes"><span class="product-grid-cell_size">
    24 OZ JAR
  </span> <span aria-hidden="true">
    |
  </span> <!----> <span class="product-grid-cell_unit">
    $0.08 / OZ
  </span></div> <!----></div> <!----> <div id="coupon-link-3428-16760862938447348" tabindex="0" role="link" aria-label="Open coupon details" data-opens-modal="true" class="product-tile_coupon-offer product-tile_coupon-offer-clippable product-tile_coupon-offer--mobile" is-mobile="true"><div class="product-tile_coupon-offer-display"><div class="vector-icon-size--xsmall margin-right--half"><svg xmlns="http://www.w3.org/2000/svg" aria-label="PdlIconCouponScissor" viewBox="0 0 19 20" role="presentation" aria-hidden="true" focusable="false" class="vector-icon-stroke--coupon"><title lang="en">PdlIconCouponScissor</title><desc></desc><g fill="" stroke=""><path d="M9.622 9.622 6.444 6.444a3.19 3.19 0 1 1-4.51-4.51 3.19 3.19 0 0 1 4.51 4.51l3.178 3.178 7.688-7.688-7.688 7.688Zm0 0 7.688 7.688-7.688-7.688L6.444 12.8l3.178-3.178ZM1.934 12.8a3.19 3.19 0 1 1 4.51 4.51 3.19 3.19 0 0 1-4.51-4.51Z" stroke="#007DA3" stroke-width="2" fill="none" fill-rule="evenodd" stroke-linecap="round" stroke-linejoin="round"></path></g></svg></div> <div class="vector-icon_mobile-center"><!----></div> <div class="product-tile_coupon-offer-name flex-center product-tile_coupon-offer-name--full-tile"><!---->
      SAVE $1.00
    </div></div> <!----> <div class="product-tile_coupon-offer-loading-coupon"><!----></div></div> <!----> <!----> <!----> <!----> <!----></div> <div class="mobile-product-list-cell_bottom"><div class="mobile-product-list-cell_bottom_cart-ui-wrapper"><!----> <!----> <div class="pdl-add-to-cart pdl-add-to-cart_coupon"><div class="pdl-add-to-cart_button"><button aria-label="Add to cart" data-product-id="3428" data-price="2" class="button button--add-to-cart add-sale">
      Add to cart
      <!----></button> <!----> <!----> <!----></div> <!----></div></div> <!----></div></div></div> <div class="product-tile_action-items"><!----> <!----> <div class="shopping-list-menu_container"><div class="relative-el"><button aria-label="add to shopping list" class="button pdl-product-detail_top-icon button--fourth pdl-product-detail_top-icon--borderless"><!----> <div class="vector-icon-size--large"><svg xmlns="http://www.w3.org/2000/svg" aria-label="Shopping List Icon Add" viewBox="0 0 32 32" role="presentation" aria-hidden="true" focusable="false" class="vector-icon-color--dark-grey"><title lang="en">Shopping List Icon Add</title><desc></desc><g fill="" stroke=""><g><path d="M21.94066,15.3368884 L21.94066,12.8931995 C21.94066,12.3409148 22.3883752,11.8931995 22.94066,11.8931995 C23.4929447,11.8931995 23.94066,12.3409148 23.94066,12.8931995 L23.94066,15.3368884 L26.2522624,15.3368884 C26.8045471,15.3368884 27.2522624,15.7846037 27.2522624,16.3368884 C27.2522624,16.8891732 26.8045471,17.3368884 26.2522624,17.3368884 L23.94066,17.3368884 L23.94066,19.8787952 C23.94066,20.43108 23.4929447,20.8787952 22.94066,20.8787952 C22.3883752,20.8787952 21.94066,20.43108 21.94066,19.8787952 L21.94066,17.3368884 L19.2666667,17.3368884 C18.7143819,17.3368884 18.2666667,16.8891732 18.2666667,16.3368884 C18.2666667,15.7846037 18.7143819,15.3368884 19.2666667,15.3368884 L21.94066,15.3368884 Z M8,12 C7.44771525,12 7,11.5522847 7,11 C7,10.4477153 7.44771525,10 8,10 L19.1153581,10 C19.6676429,10 20.1153581,10.4477153 20.1153581,11 C20.1153581,11.5522847 19.6676429,12 19.1153581,12 L8,12 Z M8,17.3368884 C7.44771525,17.3368884 7,16.8891732 7,16.3368884 C7,15.7846037 7.44771525,15.3368884 8,15.3368884 L14.7200696,15.3368884 C15.2723543,15.3368884 15.7200696,15.7846037 15.7200696,16.3368884 C15.7200696,16.8891732 15.2723543,17.3368884 14.7200696,17.3368884 L8,17.3368884 Z M8,23 C7.44771525,23 7,22.5522847 7,22 C7,21.4477153 7.44771525,21 8,21 L19.1153581,21 C19.6676429,21 20.1153581,21.4477153 20.1153581,22 C20.1153581,22.5522847 19.6676429,23 19.1153581,23 L8,23 Z" fill="#000000" fill-rule="nonzero"></path></g></g></svg></div> <div class="pdl-product-detail_list-tooltip"><p>Add item to shopping list</p> <em></em></div></button></div></div></div> <!----></li> <!----><!----> <!----> <!----> <!----> <li tabindex="-1" data-product-id="153134" class="slot mobile-product-list-cell"><!----> <!----> <!----> <!----> <div class="mobile-product-list-cell_content"><div><!----> <div class="flag_outer-container"><!----> <!----> <!----> <!----></div></div> <div class="mobile-product-list-cell_left"><div><!----> <img src="data:image/svg+xml;base64,PD94bWwgdmVyc2lvbj0iMS4wIiBlbmNvZGluZz0idXRmLTgiPz4KPCEtLSBHZW5lcmF0ZWQgYnkgSWNvTW9vbi5pbyAtLT4KPCFET0NUWVBFIHN2ZyBQVUJMSUMgIi0vL1czQy8vRFREIFNWRyAxLjEvL0VOIiAiaHR0cDovL3d3dy53My5vcmcvR3JhcGhpY3MvU1ZHLzEuMS9EVEQvc3ZnMTEuZHRkIj4KPHN2ZyB2ZXJzaW9uPSIxLjEiIHhtbG5zPSJodHRwOi8vd3d3LnczLm9yZy8yMDAwL3N2ZyIgeG1sbnM6eGxpbms9Imh0dHA6Ly93d3cudzMub3JnLzE5OTkveGxpbmsiIHdpZHRoPSI0OCIgaGVpZ2h0PSI0OCIgdmlld0JveD0iMCAwIDQ4IDQ4Ij4KPGcgaWQ9Imljb21vb24taWdub3JlIj4KCTxsaW5lIHN0cm9rZS13aWR0aD0iMSIgeDE9IiIgeTE9IiIgeDI9IiIgeTI9IiIgc3Ryb2tlPSIjNDQ5RkRCIiBvcGFjaXR5PSIiPjwvbGluZT4KPC9nPgoJPHBhdGggZD0iTTM4LjQ4IDkuMDcwYzAuMjQ4IDAgMC40NSAwLjIwMiAwLjQ1IDAuNDV2MjguOTU5YzAgMC4yNDgtMC4yMDIgMC40NS0wLjQ1IDAuNDVoLTI4Ljk1OWMtMC4yNDggMC0wLjQ1LTAuMjAyLTAuNDUtMC40NXYtMjguOTU5YzAtMC4yNDggMC4yMDItMC40NSAwLjQ1LTAuNDVoMjguOTU5ek0zOC40OCA4aC0yOC45NTljLTAuODQgMC0xLjUyIDAuNjgxLTEuNTIgMS41MjF2MjguOTU5YzAgMC44NCAwLjY4MSAxLjUyMSAxLjUyIDEuNTIxaDI4Ljk1OWMwLjg0IDAgMS41Mi0wLjY4MSAxLjUyLTEuNTIxdi0yOC45NTljMC0wLjg0LTAuNjgxLTEuNTIxLTEuNTItMS41MjF2MHoiIG9wYWNpdHk9IjEiIHZpc2liaWxpdHk9ImZhbHNlIiBmaWxsPSIjZDdkN2Q3Ij48L3BhdGg+Cgk8cGF0aCBkPSJNMTIuMjI4IDM1LjIyNHYtMy4zMjljMC0wLjE0NSAwLjA1OC0wLjI4NSAwLjE2LTAuMzg4bDUuNTg3LTUuNTg3YzAuMjE0LTAuMjE0IDAuNTYxLTAuMjE0IDAuNzc1IDBsMi4xMTkgMi4xMTljMC4yMTQgMC4yMTQgMC41NjEgMC4yMTQgMC43NzUgMGw4LjE5MS04LjE5MmMwLjIxNC0wLjIxNCAwLjU2MS0wLjIxNCAwLjc3NSAwbDUgNWMwLjEwMyAwLjEwMyAwLjE2IDAuMjQyIDAuMTYgMC4zODh2OS45ODhjMCAwLjMwMy0wLjI0NSAwLjU0OC0wLjU0OCAwLjU0OGgtMjIuNDQ3Yy0wLjMwMyAwLTAuNTQ4LTAuMjQ1LTAuNTQ4LTAuNTQ4eiIgb3BhY2l0eT0iMSIgdmlzaWJpbGl0eT0iZmFsc2UiIGZpbGw9IiNkN2Q3ZDciPjwvcGF0aD4KCTxwYXRoIGQ9Ik0yMS41NDQgMTcuOTY3YzAgMS45ODItMS42MDYgMy41ODgtMy41ODggMy41ODhzLTMuNTg4LTEuNjA2LTMuNTg4LTMuNTg4YzAtMS45ODEgMS42MDYtMy41ODggMy41ODgtMy41ODhzMy41ODggMS42MDYgMy41ODggMy41ODh6IiBvcGFjaXR5PSIxIiB2aXNpYmlsaXR5PSJmYWxzZSIgZmlsbD0iI2Q3ZDdkNyI+PC9wYXRoPgo8L3N2Zz4K" alt="Eggo French Toaster Sticks Cinnamon - 32 ct" skeleton-box-size="9rem" class="product-grid-image object-contain"></div></div> <div class="mobile-product-list-cell_info"><div class="product-tile_detail"><div class="skeleton-loader_wrapper cursor-pointer"><div class="product-grid-cell_price-container product-grid-cell_price-container--mobile"><span class="product-grid-cell_main-price"><!---->
    $3.99
  </span> <!----></div> <!----></div> <!----></div> <div class="mobile-product-list-cell_name-content"><div class="skeleton-loader_wrapper"><div class="product-grid-cell_name"><a id="product-name-153134-16760862938504024" href="#" data-opens-modal="true" aria-haspopup="dialog" class="product-grid-cell_name-text product-grid-cell_name-text--clamp-2"><!---->
    Eggo French Toaster Sticks Cinnamon - 32 ct
  </a></div> <!----> <!----></div> <div class="skeleton-loader_wrapper"><div class="product-grid-cell_sizes"><span class="product-grid-cell_size">
    12.7 OZ BOX
  </span> <span aria-hidden="true">
    |
  </span> <!----> <span class="product-grid-cell_unit">
    $0.31 / OZ
  </span></div> <!----></div> <!----> <!----> <!----> <!----> <!----> <!----> <!----></div> <div class="mobile-product-list-cell_bottom"><div class="mobile-product-list-cell_bottom_cart-ui-wrapper"><!----> <!----> <div class="pdl-add-to-cart"><div class="pdl-add-to-cart_button"><button aria-label="Add to cart" data-product-id="153134" data-price="3.99" class="button button--add-to-cart">
      Add to cart
      <!----></button> <!----> <!----> <!----></div> <!----></div></div> <!----></div></div></div> <div class="product-tile_action-items"><!----> <!----> <div class="shopping-list-menu_container"><div class="relative-el"><button aria-label="add to shopping list" class="button pdl-product-detail_top-icon button--fourth pdl-product-detail_top-icon--borderless"><!----> <div class="vector-icon-size--large"><svg xmlns="http://www.w3.org/2000/svg" aria-label="Shopping List Icon Add" viewBox="0 0 32 32" role="presentation" aria-hidden="true" focusable="false" class="vector-icon-color--dark-grey"><title lang="en">Shopping List Icon Add</title><desc></desc><g fill="" stroke=""><g><path d="M21.94066,15.3368884 L21.94066,12.8931995 C21.94066,12.3409148 22.3883752,11.8931995 22.94066,11.8931995 C23.4929447,11.8931995 23.94066,12.3409148 23.94066,12.8931995 L23.94066,15.3368884 L26.2522624,15.3368884 C26.8045471,15.3368884 27.2522624,15.7846037 27.2522624,16.3368884 C27.2522624,16.8891732 26.8045471,17.3368884 26.2522624,17.3368884 L23.94066,17.3368884 L23.94066,19.8787952 C23.94066,20.43108 23.4929447,20.8787952 22.94066,20.8787952 C22.3883752,20.8787952 21.94066,20.43108 21.94066,19.8787952 L21.94066,17.3368884 L19.2666667,17.3368884 C18.7143819,17.3368884 18.2666667,16.8891732 18.2666667,16.3368884 C18.2666667,15.7846037 18.7143819,15.3368884 19.2666667,15.3368884 L21.94066,15.3368884 Z M8,12 C7.44771525,12 7,11.5522847 7,11 C7,10.4477153 7.44771525,10 8,10 L19.1153581,10 C19.6676429,10 20.1153581,10.4477153 20.1153581,11 C20.1153581,11.5522847 19.6676429,12 19.1153581,12 L8,12 Z M8,17.3368884 C7.44771525,17.3368884 7,16.8891732 7,16.3368884 C7,15.7846037 7.44771525,15.3368884 8,15.3368884 L14.7200696,15.3368884 C15.2723543,15.3368884 15.7200696,15.7846037 15.7200696,16.3368884 C15.7200696,16.8891732 15.2723543,17.3368884 14.7200696,17.3368884 L8,17.3368884 Z M8,23 C7.44771525,23 7,22.5522847 7,22 C7,21.4477153 7.44771525,21 8,21 L19.1153581,21 C19.6676429,21 20.1153581,21.4477153 20.1153581,22 C20.1153581,22.5522847 19.6676429,23 19.1153581,23 L8,23 Z" fill="#000000" fill-rule="nonzero"></path></g></g></svg></div> <div class="pdl-product-detail_list-tooltip"><p>Add item to shopping list</p> <em></em></div></button></div></div></div> <!----></li> <!----><!----> <!----> <!----> <!----> <li tabindex="-1" data-product-id="151176" class="slot mobile-product-list-cell"><!----> <!----> <!----> <!----> <div class="mobile-product-list-cell_content"><div><!----> <div class="flag_outer-container"><div class=""><svg xmlns="http://www.w3.org/2000/svg" aria-label="Sale" viewBox="0 0 32 32" role="presentation" aria-hidden="true" focusable="false" class="w-20 ml-3"><title lang="en">Sale</title><desc></desc><g fill="" stroke=""><g><path d="M16.56 19.87a3.81 3.81 0 0 1-1-.13l-13.39-3.5a1.5 1.5 0 0 1-1.12-1.34l-.81-11a1.52 1.52 0 0 1 1.39-1.61l27.69-2h.11a1.51 1.51 0 0 1 1.5 1.4l.82 11a1.52 1.52 0 0 1-.91 1.5l-12.72 5.36a3.79 3.79 0 0 1-1.56.32Z" fill="#ed1256"></path><path fill="#fff" d="M29.43.48a1.26 1.26 0 0 1 1.26 1.17l.82 11a1.27 1.27 0 0 1-.76 1.26L18 19.34a3.72 3.72 0 0 1-1.47.3 3.79 3.79 0 0 1-.94-.12L2.24 16a1.27 1.27 0 0 1-1-1.13l-.81-11a1.26 1.26 0 0 1 1.22-1.33L29.34.48h.09m0-.48h-.13L1.62 2A1.76 1.76 0 0 0 0 3.92l.82 11a1.73 1.73 0 0 0 1.3 1.55L15.5 20a4.3 4.3 0 0 0 1.07.14 4.24 4.24 0 0 0 1.65-.34l12.72-5.44A1.76 1.76 0 0 0 32 12.59l-.82-11A1.76 1.76 0 0 0 29.43 0Z"></path><path fill="#fff" d="M3.74 9.87a3 3 0 0 0 .82.55 2.21 2.21 0 0 0 1.08.19 1.6 1.6 0 0 0 .29 0 1 1 0 0 0 .26-.12.58.58 0 0 0 .18-.2.62.62 0 0 0 0-.31.59.59 0 0 0-.32-.49 3.38 3.38 0 0 0-.85-.34L4.84 9a4.19 4.19 0 0 1-.69-.26 2.44 2.44 0 0 1-.63-.41 1.92 1.92 0 0 1-.7-1.42 2.68 2.68 0 0 1 .1-1A2.2 2.2 0 0 1 3.39 5a2.42 2.42 0 0 1 .82-.6 3.15 3.15 0 0 1 1.17-.28 3.68 3.68 0 0 1 1.72.24 3 3 0 0 1 .57.29A2.66 2.66 0 0 1 8 5l-.82 1.37a4.42 4.42 0 0 0-.82-.45 2 2 0 0 0-.85-.13 1.4 1.4 0 0 0-.28.06A.9.9 0 0 0 5 6a.62.62 0 0 0-.16.2.5.5 0 0 0 0 .28.6.6 0 0 0 .1.31.68.68 0 0 0 .24.2 1.27 1.27 0 0 0 .35.15l.43.13.35.09a7.49 7.49 0 0 1 .69.22 2.2 2.2 0 0 1 .72.42 2.46 2.46 0 0 1 .54.68 2.31 2.31 0 0 1 .27 1 2.15 2.15 0 0 1-.15 1 2.53 2.53 0 0 1-.56.84 2.77 2.77 0 0 1-.88.59 4 4 0 0 1-1.11.27A4.67 4.67 0 0 1 4 12.25a3.79 3.79 0 0 1-1.28-.75ZM11.29 3.89l2.17-.16 3.1 7.7-2 .15L14 10l-2.39.18-.35 1.67-2 .14Zm2.15 4.6-1-2.84-.61 2.95ZM17 3.47l1.89-.14.44 6 3.3-.25.16 1.92-5.19.39ZM23.36 3l5.13-.38.13 1.8-3.24.24.09 1.22 2.66-.2.12 1.7-2.65.2.09 1.35 3.46-.26.13 1.81-5.34.4Z"></path></g></g></svg></div> <!----> <!----> <!----></div></div> <div class="mobile-product-list-cell_left"><div><!----> <img src="data:image/svg+xml;base64,PD94bWwgdmVyc2lvbj0iMS4wIiBlbmNvZGluZz0idXRmLTgiPz4KPCEtLSBHZW5lcmF0ZWQgYnkgSWNvTW9vbi5pbyAtLT4KPCFET0NUWVBFIHN2ZyBQVUJMSUMgIi0vL1czQy8vRFREIFNWRyAxLjEvL0VOIiAiaHR0cDovL3d3dy53My5vcmcvR3JhcGhpY3MvU1ZHLzEuMS9EVEQvc3ZnMTEuZHRkIj4KPHN2ZyB2ZXJzaW9uPSIxLjEiIHhtbG5zPSJodHRwOi8vd3d3LnczLm9yZy8yMDAwL3N2ZyIgeG1sbnM6eGxpbms9Imh0dHA6Ly93d3cudzMub3JnLzE5OTkveGxpbmsiIHdpZHRoPSI0OCIgaGVpZ2h0PSI0OCIgdmlld0JveD0iMCAwIDQ4IDQ4Ij4KPGcgaWQ9Imljb21vb24taWdub3JlIj4KCTxsaW5lIHN0cm9rZS13aWR0aD0iMSIgeDE9IiIgeTE9IiIgeDI9IiIgeTI9IiIgc3Ryb2tlPSIjNDQ5RkRCIiBvcGFjaXR5PSIiPjwvbGluZT4KPC9nPgoJPHBhdGggZD0iTTM4LjQ4IDkuMDcwYzAuMjQ4IDAgMC40NSAwLjIwMiAwLjQ1IDAuNDV2MjguOTU5YzAgMC4yNDgtMC4yMDIgMC40NS0wLjQ1IDAuNDVoLTI4Ljk1OWMtMC4yNDggMC0wLjQ1LTAuMjAyLTAuNDUtMC40NXYtMjguOTU5YzAtMC4yNDggMC4yMDItMC40NSAwLjQ1LTAuNDVoMjguOTU5ek0zOC40OCA4aC0yOC45NTljLTAuODQgMC0xLjUyIDAuNjgxLTEuNTIgMS41MjF2MjguOTU5YzAgMC44NCAwLjY4MSAxLjUyMSAxLjUyIDEuNTIxaDI4Ljk1OWMwLjg0IDAgMS41Mi0wLjY4MSAxLjUyLTEuNTIxdi0yOC45NTljMC0wLjg0LTAuNjgxLTEuNTIxLTEuNTItMS41MjF2MHoiIG9wYWNpdHk9IjEiIHZpc2liaWxpdHk9ImZhbHNlIiBmaWxsPSIjZDdkN2Q3Ij48L3BhdGg+Cgk8cGF0aCBkPSJNMTIuMjI4IDM1LjIyNHYtMy4zMjljMC0wLjE0NSAwLjA1OC0wLjI4NSAwLjE2LTAuMzg4bDUuNTg3LTUuNTg3YzAuMjE0LTAuMjE0IDAuNTYxLTAuMjE0IDAuNzc1IDBsMi4xMTkgMi4xMTljMC4yMTQgMC4yMTQgMC41NjEgMC4yMTQgMC43NzUgMGw4LjE5MS04LjE5MmMwLjIxNC0wLjIxNCAwLjU2MS0wLjIxNCAwLjc3NSAwbDUgNWMwLjEwMyAwLjEwMyAwLjE2IDAuMjQyIDAuMTYgMC4zODh2OS45ODhjMCAwLjMwMy0wLjI0NSAwLjU0OC0wLjU0OCAwLjU0OGgtMjIuNDQ3Yy0wLjMwMyAwLTAuNTQ4LTAuMjQ1LTAuNTQ4LTAuNTQ4eiIgb3BhY2l0eT0iMSIgdmlzaWJpbGl0eT0iZmFsc2UiIGZpbGw9IiNkN2Q3ZDciPjwvcGF0aD4KCTxwYXRoIGQ9Ik0yMS41NDQgMTcuOTY3YzAgMS45ODItMS42MDYgMy41ODgtMy41ODggMy41ODhzLTMuNTg4LTEuNjA2LTMuNTg4LTMuNTg4YzAtMS45ODEgMS42MDYtMy41ODggMy41ODgtMy41ODhzMy41ODggMS42MDYgMy41ODggMy41ODh6IiBvcGFjaXR5PSIxIiB2aXNpYmlsaXR5PSJmYWxzZSIgZmlsbD0iI2Q3ZDdkNyI+PC9wYXRoPgo8L3N2Zz4K" alt="Nabisco Ritz Crackers Fresh Stacks Original - 8 ct" skeleton-box-size="9rem" class="product-grid-image object-contain"></div></div> <div class="mobile-product-list-cell_info"><div class="product-tile_detail"><div class="skeleton-loader_wrapper cursor-pointer"><div class="product-grid-cell_price-container product-grid-cell_price-container_column product-grid-cell_price-container--mobile"><span class="product-grid-cell_main-price product-grid-cell_main-price--on-sale"><span class="sr-only">
      Sale Price
    </span>
    $3.99
  </span> <div class="product-grid-cell_was-container"><span class="product-grid-cell_regular-price product-grid-cell_regular-price--small"><span class="sr-only">
        Original Price
      </span>
      $4.29
    </span></div></div> <!----></div> <!----></div> <div class="mobile-product-list-cell_name-content"><div class="skeleton-loader_wrapper"><div class="product-grid-cell_name"><a id="product-name-151176-16760862938570642" href="#" data-opens-modal="true" aria-haspopup="dialog" class="product-grid-cell_name-text product-grid-cell_name-text--clamp-2"><!---->
    Nabisco Ritz Crackers Fresh Stacks Original - 8 ct
  </a></div> <!----> <!----></div> <div class="skeleton-loader_wrapper"><div class="product-grid-cell_sizes"><span class="product-grid-cell_size">
    11.8 OZ BOX
  </span> <span aria-hidden="true">
    |
  </span> <!----> <span class="product-grid-cell_unit">
    $0.34 / OZ
  </span></div> <!----></div> <!----> <div id="coupon-link-151176-16760862938570642" tabindex="0" role="link" aria-label="Open coupon details" data-opens-modal="true" class="product-tile_coupon-offer product-tile_coupon-offer-eci product-tile_coupon-offer--mobile" is-mobile="true"><div class="product-tile_coupon-offer-display"><!----> <div class="vector-icon_mobile-center"><!----></div> <div class="product-tile_coupon-offer-name flex-center product-tile_coupon-offer-name--full-tile"><!---->
      3 Day Sale: $1.97/ea. when you buy 3
    </div></div> <!----> <div class="product-tile_coupon-offer-loading-coupon"><!----></div></div> <!----> <!----> <!----> <!----> <!----></div> <div class="mobile-product-list-cell_bottom"><div class="mobile-product-list-cell_bottom_cart-ui-wrapper"><!----> <!----> <div class="pdl-add-to-cart"><div class="pdl-add-to-cart_button"><button aria-label="Add to cart" data-product-id="151176" data-price="3.99" class="button button--add-to-cart add-sale">
      Add to cart
      <!----></button> <!----> <!----> <!----></div> <!----></div></div> <!----></div></div></div> <div class="product-tile_action-items"><!----> <!----> <div class="shopping-list-menu_container"><div class="relative-el"><button aria-label="add to shopping list" class="button pdl-product-detail_top-icon button--fourth pdl-product-detail_top-icon--borderless"><!----> <div class="vector-icon-size--large"><svg xmlns="http://www.w3.org/2000/svg" aria-label="Shopping List Icon Add" viewBox="0 0 32 32" role="presentation" aria-hidden="true" focusable="false" class="vector-icon-color--dark-grey"><title lang="en">Shopping List Icon Add</title><desc></desc><g fill="" stroke=""><g><path d="M21.94066,15.3368884 L21.94066,12.8931995 C21.94066,12.3409148 22.3883752,11.8931995 22.94066,11.8931995 C23.4929447,11.8931995 23.94066,12.3409148 23.94066,12.8931995 L23.94066,15.3368884 L26.2522624,15.3368884 C26.8045471,15.3368884 27.2522624,15.7846037 27.2522624,16.3368884 C27.2522624,16.8891732 26.8045471,17.3368884 26.2522624,17.3368884 L23.94066,17.3368884 L23.94066,19.8787952 C23.94066,20.43108 23.4929447,20.8787952 22.94066,20.8787952 C22.3883752,20.8787952 21.94066,20.43108 21.94066,19.8787952 L21.94066,17.3368884 L19.2666667,17.3368884 C18.7143819,17.3368884 18.2666667,16.8891732 18.2666667,16.3368884 C18.2666667,15.7846037 18.7143819,15.3368884 19.2666667,15.3368884 L21.94066,15.3368884 Z M8,12 C7.44771525,12 7,11.5522847 7,11 C7,10.4477153 7.44771525,10 8,10 L19.1153581,10 C19.6676429,10 20.1153581,10.4477153 20.1153581,11 C20.1153581,11.5522847 19.6676429,12 19.1153581,12 L8,12 Z M8,17.3368884 C7.44771525,17.3368884 7,16.8891732 7,16.3368884 C7,15.7846037 7.44771525,15.3368884 8,15.3368884 L14.7200696,15.3368884 C15.2723543,15.3368884 15.7200696,15.7846037 15.7200696,16.3368884 C15.7200696,16.8891732 15.2723543,17.3368884 14.7200696,17.3368884 L8,17.3368884 Z M8,23 C7.44771525,23 7,22.5522847 7,22 C7,21.4477153 7.44771525,21 8,21 L19.1153581,21 C19.6676429,21 20.1153581,21.4477153 20.1153581,22 C20.1153581,22.5522847 19.6676429,23 19.1153581,23 L8,23 Z" fill="#000000" fill-rule="nonzero"></path></g></g></svg></div> <div class="pdl-product-detail_list-tooltip"><p>Add item to shopping list</p> <em></em></div></button></div></div></div> <!----></li> <!----><!----> <!----> <!----> <!----> <li tabindex="-1" data-product-id="153647" class="slot mobile-product-list-cell"><!----> <!----> <!----> <!----> <div class="mobile-product-list-cell_content"><div><!----> <div class="flag_outer-container"><!----> <!----> <!----> <!----></div></div> <div class="mobile-product-list-cell_left"><div><!----> <img src="data:image/svg+xml;base64,PD94bWwgdmVyc2lvbj0iMS4wIiBlbmNvZGluZz0idXRmLTgiPz4KPCEtLSBHZW5lcmF0ZWQgYnkgSWNvTW9vbi5pbyAtLT4KPCFET0NUWVBFIHN2ZyBQVUJMSUMgIi0vL1czQy8vRFREIFNWRyAxLjEvL0VOIiAiaHR0cDovL3d3dy53My5vcmcvR3JhcGhpY3MvU1ZHLzEuMS9EVEQvc3ZnMTEuZHRkIj4KPHN2ZyB2ZXJzaW9uPSIxLjEiIHhtbG5zPSJodHRwOi8vd3d3LnczLm9yZy8yMDAwL3N2ZyIgeG1sbnM6eGxpbms9Imh0dHA6Ly93d3cudzMub3JnLzE5OTkveGxpbmsiIHdpZHRoPSI0OCIgaGVpZ2h0PSI0OCIgdmlld0JveD0iMCAwIDQ4IDQ4Ij4KPGcgaWQ9Imljb21vb24taWdub3JlIj4KCTxsaW5lIHN0cm9rZS13aWR0aD0iMSIgeDE9IiIgeTE9IiIgeDI9IiIgeTI9IiIgc3Ryb2tlPSIjNDQ5RkRCIiBvcGFjaXR5PSIiPjwvbGluZT4KPC9nPgoJPHBhdGggZD0iTTM4LjQ4IDkuMDcwYzAuMjQ4IDAgMC40NSAwLjIwMiAwLjQ1IDAuNDV2MjguOTU5YzAgMC4yNDgtMC4yMDIgMC40NS0wLjQ1IDAuNDVoLTI4Ljk1OWMtMC4yNDggMC0wLjQ1LTAuMjAyLTAuNDUtMC40NXYtMjguOTU5YzAtMC4yNDggMC4yMDItMC40NSAwLjQ1LTAuNDVoMjguOTU5ek0zOC40OCA4aC0yOC45NTljLTAuODQgMC0xLjUyIDAuNjgxLTEuNTIgMS41MjF2MjguOTU5YzAgMC44NCAwLjY4MSAxLjUyMSAxLjUyIDEuNTIxaDI4Ljk1OWMwLjg0IDAgMS41Mi0wLjY4MSAxLjUyLTEuNTIxdi0yOC45NTljMC0wLjg0LTAuNjgxLTEuNTIxLTEuNTItMS41MjF2MHoiIG9wYWNpdHk9IjEiIHZpc2liaWxpdHk9ImZhbHNlIiBmaWxsPSIjZDdkN2Q3Ij48L3BhdGg+Cgk8cGF0aCBkPSJNMTIuMjI4IDM1LjIyNHYtMy4zMjljMC0wLjE0NSAwLjA1OC0wLjI4NSAwLjE2LTAuMzg4bDUuNTg3LTUuNTg3YzAuMjE0LTAuMjE0IDAuNTYxLTAuMjE0IDAuNzc1IDBsMi4xMTkgMi4xMTljMC4yMTQgMC4yMTQgMC41NjEgMC4yMTQgMC43NzUgMGw4LjE5MS04LjE5MmMwLjIxNC0wLjIxNCAwLjU2MS0wLjIxNCAwLjc3NSAwbDUgNWMwLjEwMyAwLjEwMyAwLjE2IDAuMjQyIDAuMTYgMC4zODh2OS45ODhjMCAwLjMwMy0wLjI0NSAwLjU0OC0wLjU0OCAwLjU0OGgtMjIuNDQ3Yy0wLjMwMyAwLTAuNTQ4LTAuMjQ1LTAuNTQ4LTAuNTQ4eiIgb3BhY2l0eT0iMSIgdmlzaWJpbGl0eT0iZmFsc2UiIGZpbGw9IiNkN2Q3ZDciPjwvcGF0aD4KCTxwYXRoIGQ9Ik0yMS41NDQgMTcuOTY3YzAgMS45ODItMS42MDYgMy41ODgtMy41ODggMy41ODhzLTMuNTg4LTEuNjA2LTMuNTg4LTMuNTg4YzAtMS45ODEgMS42MDYtMy41ODggMy41ODgtMy41ODhzMy41ODggMS42MDYgMy41ODggMy41ODh6IiBvcGFjaXR5PSIxIiB2aXNpYmlsaXR5PSJmYWxzZSIgZmlsbD0iI2Q3ZDdkNyI+PC9wYXRoPgo8L3N2Zz4K" alt="Stop &amp; Shop Deli Ham Virginia Brand (Regular Sliced)" skeleton-box-size="9rem" class="product-grid-image object-contain"></div></div> <div class="mobile-product-list-cell_info"><div class="product-tile_detail"><div class="skeleton-loader_wrapper cursor-pointer"><div class="product-grid-cell_price-container product-grid-cell_price-container--mobile"><span class="product-grid-cell_main-price"><!---->
    $4.00
  </span> <!----></div> <!----></div> <!----></div> <div class="mobile-product-list-cell_name-content"><div class="skeleton-loader_wrapper"><div class="product-grid-cell_name"><a id="product-name-153647-16760862938616766" href="#" data-opens-modal="true" aria-haspopup="dialog" class="product-grid-cell_name-text product-grid-cell_name-text--clamp-2"><span class="vector-icon_inline-text--left mr-0"><div class="vector-icon-size--xsmall"><svg xmlns="http://www.w3.org/2000/svg" aria-label="Ahold Icon" viewBox="0 0 1024 945" role="presentation" aria-hidden="true" focusable="false" class=""><title lang="en">Ahold Icon</title><desc></desc><g fill="" stroke=""><g><path d="M1.893 730.617c-1.289-2.094-2.052-4.631-2.052-7.346 0-.747.058-1.481.169-2.197.158-12.396 10.227-22.466 22.687-22.634h895.306c12.476.168 22.545 10.237 22.713 22.698-.521 3.721-1.182 6.924-2.024 10.053l.131-.574c-86.363 175.072-263.598 293.385-468.466 293.385S88.254 905.689 3.252 733.663l-1.361-3.046z" fill="#F7A800" class="path1"></path> <path d="M107.889 132.495c1.893-1.893 1.893-3.786 3.786-5.678 2.98-3.491 7.385-5.69 12.303-5.69s9.323 2.199 12.284 5.668l.019.022L613.264 603.8c3.491 2.98 5.69 7.385 5.69 12.303s-2.199 9.323-5.668 12.284c-1.399 1.869-3.361 3.216-5.631 3.789l-.069.015c-38.446 13.732-82.796 21.669-129.001 21.669-108.416 0-206.626-43.699-277.977-114.443C130.241 467.591 86.799 369.1 86.799 260.462c0-45.803 7.722-89.803 21.936-130.767l-.845 2.8z" fill="#E2231A" class="path2"></path> <path d="M600.015 1.893a6.922 6.922 0 0 1 5.713-1.889c.057-.006.164-.007.272-.007 7.15 0 12.947 5.796 12.947 12.947 0 .108-.001.215-.004.322v-.016 503.482c.002.091.004.199.004.306 0 7.15-5.796 12.947-12.947 12.947-.108 0-.215-.001-.322-.004a6.925 6.925 0 0 1-5.665-1.895l.002.002c-98.273-48.542-164.673-148.065-164.673-263.098S501.743 50.434 598.306 2.657l1.709-.765z" fill="#712177" class="path3"></path> <path d="M938.824 283.919c1.893 0 1.893 1.893 3.786 1.893 1.765 2.012 2.841 4.666 2.841 7.571s-1.077 5.559-2.853 7.584l.011-.013-268.776 266.884c-2.012 1.765-4.666 2.841-7.571 2.841s-5.559-1.077-7.584-2.853a3.774 3.774 0 0 1-1.877-3.793l-.002.019c-7.681-21.529-12.12-46.363-12.12-72.235 0-61.263 24.891-116.712 65.111-156.786 39.326-39.792 93.895-64.431 154.219-64.431 26.857 0 52.573 4.884 76.309 13.812l-1.494-.493z" fill="#82BC00" class="path4"></path></g></g></svg></div></span>
    Stop &amp; Shop Deli Ham Virginia Brand (Regular Sliced)
  </a></div> <!----> <!----></div> <div class="skeleton-loader_wrapper"><div class="product-grid-cell_sizes"><span class="product-grid-cell_size">
    APX 1/2 LB
  </span> <span aria-hidden="true">
    |
  </span> <!----> <span class="product-grid-cell_unit">
    $7.99 / LB
  </span></div> <!----></div> <!----> <!----> <!----> <!----> <!----> <!----> <!----></div> <div class="mobile-product-list-cell_bottom"><div class="mobile-product-list-cell_bottom_cart-ui-wrapper"><!----> <!----> <div class="pdl-add-to-cart"><div class="pdl-add-to-cart_button"><button aria-label="Add to cart" data-product-id="153647" data-price="4" class="button button--add-to-cart">
      Add to cart
      <!----></button> <!----> <!----> <!----></div> <!----></div></div> <!----></div></div></div> <div class="product-tile_action-items"><!----> <!----> <div class="shopping-list-menu_container"><div class="relative-el"><button aria-label="add to shopping list" class="button pdl-product-detail_top-icon button--fourth pdl-product-detail_top-icon--borderless"><!----> <div class="vector-icon-size--large"><svg xmlns="http://www.w3.org/2000/svg" aria-label="Shopping List Icon Add" viewBox="0 0 32 32" role="presentation" aria-hidden="true" focusable="false" class="vector-icon-color--dark-grey"><title lang="en">Shopping List Icon Add</title><desc></desc><g fill="" stroke=""><g><path d="M21.94066,15.3368884 L21.94066,12.8931995 C21.94066,12.3409148 22.3883752,11.8931995 22.94066,11.8931995 C23.4929447,11.8931995 23.94066,12.3409148 23.94066,12.8931995 L23.94066,15.3368884 L26.2522624,15.3368884 C26.8045471,15.3368884 27.2522624,15.7846037 27.2522624,16.3368884 C27.2522624,16.8891732 26.8045471,17.3368884 26.2522624,17.3368884 L23.94066,17.3368884 L23.94066,19.8787952 C23.94066,20.43108 23.4929447,20.8787952 22.94066,20.8787952 C22.3883752,20.8787952 21.94066,20.43108 21.94066,19.8787952 L21.94066,17.3368884 L19.2666667,17.3368884 C18.7143819,17.3368884 18.2666667,16.8891732 18.2666667,16.3368884 C18.2666667,15.7846037 18.7143819,15.3368884 19.2666667,15.3368884 L21.94066,15.3368884 Z M8,12 C7.44771525,12 7,11.5522847 7,11 C7,10.4477153 7.44771525,10 8,10 L19.1153581,10 C19.6676429,10 20.1153581,10.4477153 20.1153581,11 C20.1153581,11.5522847 19.6676429,12 19.1153581,12 L8,12 Z M8,17.3368884 C7.44771525,17.3368884 7,16.8891732 7,16.3368884 C7,15.7846037 7.44771525,15.3368884 8,15.3368884 L14.7200696,15.3368884 C15.2723543,15.3368884 15.7200696,15.7846037 15.7200696,16.3368884 C15.7200696,16.8891732 15.2723543,17.3368884 14.7200696,17.3368884 L8,17.3368884 Z M8,23 C7.44771525,23 7,22.5522847 7,22 C7,21.4477153 7.44771525,21 8,21 L19.1153581,21 C19.6676429,21 20.1153581,21.4477153 20.1153581,22 C20.1153581,22.5522847 19.6676429,23 19.1153581,23 L8,23 Z" fill="#000000" fill-rule="nonzero"></path></g></g></svg></div> <div class="pdl-product-detail_list-tooltip"><p>Add item to shopping list</p> <em></em></div></button></div></div></div> <!----></li> <!----><!----> <!----> <!----> <!----> <li tabindex="-1" data-product-id="126576" class="slot mobile-product-list-cell"><!----> <!----> <!----> <!----> <div class="mobile-product-list-cell_content"><div><!----> <div class="flag_outer-container"><!----> <!----> <!----> <!----></div></div> <div class="mobile-product-list-cell_left"><div><!----> <img src="data:image/svg+xml;base64,PD94bWwgdmVyc2lvbj0iMS4wIiBlbmNvZGluZz0idXRmLTgiPz4KPCEtLSBHZW5lcmF0ZWQgYnkgSWNvTW9vbi5pbyAtLT4KPCFET0NUWVBFIHN2ZyBQVUJMSUMgIi0vL1czQy8vRFREIFNWRyAxLjEvL0VOIiAiaHR0cDovL3d3dy53My5vcmcvR3JhcGhpY3MvU1ZHLzEuMS9EVEQvc3ZnMTEuZHRkIj4KPHN2ZyB2ZXJzaW9uPSIxLjEiIHhtbG5zPSJodHRwOi8vd3d3LnczLm9yZy8yMDAwL3N2ZyIgeG1sbnM6eGxpbms9Imh0dHA6Ly93d3cudzMub3JnLzE5OTkveGxpbmsiIHdpZHRoPSI0OCIgaGVpZ2h0PSI0OCIgdmlld0JveD0iMCAwIDQ4IDQ4Ij4KPGcgaWQ9Imljb21vb24taWdub3JlIj4KCTxsaW5lIHN0cm9rZS13aWR0aD0iMSIgeDE9IiIgeTE9IiIgeDI9IiIgeTI9IiIgc3Ryb2tlPSIjNDQ5RkRCIiBvcGFjaXR5PSIiPjwvbGluZT4KPC9nPgoJPHBhdGggZD0iTTM4LjQ4IDkuMDcwYzAuMjQ4IDAgMC40NSAwLjIwMiAwLjQ1IDAuNDV2MjguOTU5YzAgMC4yNDgtMC4yMDIgMC40NS0wLjQ1IDAuNDVoLTI4Ljk1OWMtMC4yNDggMC0wLjQ1LTAuMjAyLTAuNDUtMC40NXYtMjguOTU5YzAtMC4yNDggMC4yMDItMC40NSAwLjQ1LTAuNDVoMjguOTU5ek0zOC40OCA4aC0yOC45NTljLTAuODQgMC0xLjUyIDAuNjgxLTEuNTIgMS41MjF2MjguOTU5YzAgMC44NCAwLjY4MSAxLjUyMSAxLjUyIDEuNTIxaDI4Ljk1OWMwLjg0IDAgMS41Mi0wLjY4MSAxLjUyLTEuNTIxdi0yOC45NTljMC0wLjg0LTAuNjgxLTEuNTIxLTEuNTItMS41MjF2MHoiIG9wYWNpdHk9IjEiIHZpc2liaWxpdHk9ImZhbHNlIiBmaWxsPSIjZDdkN2Q3Ij48L3BhdGg+Cgk8cGF0aCBkPSJNMTIuMjI4IDM1LjIyNHYtMy4zMjljMC0wLjE0NSAwLjA1OC0wLjI4NSAwLjE2LTAuMzg4bDUuNTg3LTUuNTg3YzAuMjE0LTAuMjE0IDAuNTYxLTAuMjE0IDAuNzc1IDBsMi4xMTkgMi4xMTljMC4yMTQgMC4yMTQgMC41NjEgMC4yMTQgMC43NzUgMGw4LjE5MS04LjE5MmMwLjIxNC0wLjIxNCAwLjU2MS0wLjIxNCAwLjc3NSAwbDUgNWMwLjEwMyAwLjEwMyAwLjE2IDAuMjQyIDAuMTYgMC4zODh2OS45ODhjMCAwLjMwMy0wLjI0NSAwLjU0OC0wLjU0OCAwLjU0OGgtMjIuNDQ3Yy0wLjMwMyAwLTAuNTQ4LTAuMjQ1LTAuNTQ4LTAuNTQ4eiIgb3BhY2l0eT0iMSIgdmlzaWJpbGl0eT0iZmFsc2UiIGZpbGw9IiNkN2Q3ZDciPjwvcGF0aD4KCTxwYXRoIGQ9Ik0yMS41NDQgMTcuOTY3YzAgMS45ODItMS42MDYgMy41ODgtMy41ODggMy41ODhzLTMuNTg4LTEuNjA2LTMuNTg4LTMuNTg4YzAtMS45ODEgMS42MDYtMy41ODggMy41ODgtMy41ODhzMy41ODggMS42MDYgMy41ODggMy41ODh6IiBvcGFjaXR5PSIxIiB2aXNpYmlsaXR5PSJmYWxzZSIgZmlsbD0iI2Q3ZDdkNyI+PC9wYXRoPgo8L3N2Zz4K" alt="Yoplait Whips! Yogurt Mousse Strawberry Mist Low Fat" skeleton-box-size="9rem" class="product-grid-image object-contain"></div></div> <div class="mobile-product-list-cell_info"><div class="product-tile_detail"><div class="skeleton-loader_wrapper cursor-pointer"><div class="product-grid-cell_price-container product-grid-cell_price-container--mobile"><span class="product-grid-cell_main-price"><!---->
    $0.99
  </span> <!----></div> <!----></div> <!----></div> <div class="mobile-product-list-cell_name-content"><div class="skeleton-loader_wrapper"><div class="product-grid-cell_name"><a id="product-name-126576-16760862938676968" href="#" data-opens-modal="true" aria-haspopup="dialog" class="product-grid-cell_name-text product-grid-cell_name-text--clamp-2"><!---->
    Yoplait Whips! Yogurt Mousse Strawberry Mist Low Fat
  </a></div> <!----> <!----></div> <div class="skeleton-loader_wrapper"><div class="product-grid-cell_sizes"><span class="product-grid-cell_size">
    4 OZ CUP
  </span> <span aria-hidden="true">
    |
  </span> <!----> <span class="product-grid-cell_unit">
    $0.25 / OZ
  </span></div> <!----></div> <!----> <div id="coupon-link-126576-16760862938676968" tabindex="0" role="link" aria-label="Open coupon details" data-opens-modal="true" class="product-tile_coupon-offer product-tile_coupon-offer-clippable product-tile_coupon-offer--mobile multiple-lines" is-mobile="true"><div class="product-tile_coupon-offer-display"><div class="vector-icon-size--xsmall margin-right--half"><svg xmlns="http://www.w3.org/2000/svg" aria-label="PdlIconCouponScissor" viewBox="0 0 19 20" role="presentation" aria-hidden="true" focusable="false" class="vector-icon-stroke--coupon"><title lang="en">PdlIconCouponScissor</title><desc></desc><g fill="" stroke=""><path d="M9.622 9.622 6.444 6.444a3.19 3.19 0 1 1-4.51-4.51 3.19 3.19 0 0 1 4.51 4.51l3.178 3.178 7.688-7.688-7.688 7.688Zm0 0 7.688 7.688-7.688-7.688L6.444 12.8l3.178-3.178ZM1.934 12.8a3.19 3.19 0 1 1 4.51 4.51 3.19 3.19 0 0 1-4.51-4.51Z" stroke="#007DA3" stroke-width="2" fill="none" fill-rule="evenodd" stroke-linecap="round" stroke-linejoin="round"></path></g></svg></div> <div class="vector-icon_mobile-center"><!----></div> <div class="product-tile_coupon-offer-name flex-center product-tile_coupon-offer-name--full-tile text-left"><!---->
      SAVE 50¢ ON FIVE
    </div></div> <!----> <div class="product-tile_coupon-offer-loading-coupon"><!----></div></div> <!----> <!----> <!----> <!----> <!----></div> <div class="mobile-product-list-cell_bottom"><div class="mobile-product-list-cell_bottom_cart-ui-wrapper"><!----> <!----> <div class="pdl-add-to-cart pdl-add-to-cart_coupon"><div class="pdl-add-to-cart_button"><button aria-label="Add to cart" data-product-id="126576" data-price="0.99" class="button button--add-to-cart">
      Add to cart
      <!----></button> <!----> <!----> <!----></div> <!----></div></div> <!----></div></div></div> <div class="product-tile_action-items"><!----> <!----> <div class="shopping-list-menu_container"><div class="relative-el"><button aria-label="add to shopping list" class="button pdl-product-detail_top-icon button--fourth pdl-product-detail_top-icon--borderless"><!----> <div class="vector-icon-size--large"><svg xmlns="http://www.w3.org/2000/svg" aria-label="Shopping List Icon Add" viewBox="0 0 32 32" role="presentation" aria-hidden="true" focusable="false" class="vector-icon-color--dark-grey"><title lang="en">Shopping List Icon Add</title><desc></desc><g fill="" stroke=""><g><path d="M21.94066,15.3368884 L21.94066,12.8931995 C21.94066,12.3409148 22.3883752,11.8931995 22.94066,11.8931995 C23.4929447,11.8931995 23.94066,12.3409148 23.94066,12.8931995 L23.94066,15.3368884 L26.2522624,15.3368884 C26.8045471,15.3368884 27.2522624,15.7846037 27.2522624,16.3368884 C27.2522624,16.8891732 26.8045471,17.3368884 26.2522624,17.3368884 L23.94066,17.3368884 L23.94066,19.8787952 C23.94066,20.43108 23.4929447,20.8787952 22.94066,20.8787952 C22.3883752,20.8787952 21.94066,20.43108 21.94066,19.8787952 L21.94066,17.3368884 L19.2666667,17.3368884 C18.7143819,17.3368884 18.2666667,16.8891732 18.2666667,16.3368884 C18.2666667,15.7846037 18.7143819,15.3368884 19.2666667,15.3368884 L21.94066,15.3368884 Z M8,12 C7.44771525,12 7,11.5522847 7,11 C7,10.4477153 7.44771525,10 8,10 L19.1153581,10 C19.6676429,10 20.1153581,10.4477153 20.1153581,11 C20.1153581,11.5522847 19.6676429,12 19.1153581,12 L8,12 Z M8,17.3368884 C7.44771525,17.3368884 7,16.8891732 7,16.3368884 C7,15.7846037 7.44771525,15.3368884 8,15.3368884 L14.7200696,15.3368884 C15.2723543,15.3368884 15.7200696,15.7846037 15.7200696,16.3368884 C15.7200696,16.8891732 15.2723543,17.3368884 14.7200696,17.3368884 L8,17.3368884 Z M8,23 C7.44771525,23 7,22.5522847 7,22 C7,21.4477153 7.44771525,21 8,21 L19.1153581,21 C19.6676429,21 20.1153581,21.4477153 20.1153581,22 C20.1153581,22.5522847 19.6676429,23 19.1153581,23 L8,23 Z" fill="#000000" fill-rule="nonzero"></path></g></g></svg></div> <div class="pdl-product-detail_list-tooltip"><p>Add item to shopping list</p> <em></em></div></button></div></div></div> <!----></li> <!----><!----> <!----> <!----> <!----> <li tabindex="-1" data-product-id="117427" class="slot mobile-product-list-cell"><!----> <!----> <!----> <!----> <div class="mobile-product-list-cell_content"><div><!----> <div class="flag_outer-container"><!----> <!----> <!----> <!----></div></div> <div class="mobile-product-list-cell_left"><div><!----> <img src="data:image/svg+xml;base64,PD94bWwgdmVyc2lvbj0iMS4wIiBlbmNvZGluZz0idXRmLTgiPz4KPCEtLSBHZW5lcmF0ZWQgYnkgSWNvTW9vbi5pbyAtLT4KPCFET0NUWVBFIHN2ZyBQVUJMSUMgIi0vL1czQy8vRFREIFNWRyAxLjEvL0VOIiAiaHR0cDovL3d3dy53My5vcmcvR3JhcGhpY3MvU1ZHLzEuMS9EVEQvc3ZnMTEuZHRkIj4KPHN2ZyB2ZXJzaW9uPSIxLjEiIHhtbG5zPSJodHRwOi8vd3d3LnczLm9yZy8yMDAwL3N2ZyIgeG1sbnM6eGxpbms9Imh0dHA6Ly93d3cudzMub3JnLzE5OTkveGxpbmsiIHdpZHRoPSI0OCIgaGVpZ2h0PSI0OCIgdmlld0JveD0iMCAwIDQ4IDQ4Ij4KPGcgaWQ9Imljb21vb24taWdub3JlIj4KCTxsaW5lIHN0cm9rZS13aWR0aD0iMSIgeDE9IiIgeTE9IiIgeDI9IiIgeTI9IiIgc3Ryb2tlPSIjNDQ5RkRCIiBvcGFjaXR5PSIiPjwvbGluZT4KPC9nPgoJPHBhdGggZD0iTTM4LjQ4IDkuMDcwYzAuMjQ4IDAgMC40NSAwLjIwMiAwLjQ1IDAuNDV2MjguOTU5YzAgMC4yNDgtMC4yMDIgMC40NS0wLjQ1IDAuNDVoLTI4Ljk1OWMtMC4yNDggMC0wLjQ1LTAuMjAyLTAuNDUtMC40NXYtMjguOTU5YzAtMC4yNDggMC4yMDItMC40NSAwLjQ1LTAuNDVoMjguOTU5ek0zOC40OCA4aC0yOC45NTljLTAuODQgMC0xLjUyIDAuNjgxLTEuNTIgMS41MjF2MjguOTU5YzAgMC44NCAwLjY4MSAxLjUyMSAxLjUyIDEuNTIxaDI4Ljk1OWMwLjg0IDAgMS41Mi0wLjY4MSAxLjUyLTEuNTIxdi0yOC45NTljMC0wLjg0LTAuNjgxLTEuNTIxLTEuNTItMS41MjF2MHoiIG9wYWNpdHk9IjEiIHZpc2liaWxpdHk9ImZhbHNlIiBmaWxsPSIjZDdkN2Q3Ij48L3BhdGg+Cgk8cGF0aCBkPSJNMTIuMjI4IDM1LjIyNHYtMy4zMjljMC0wLjE0NSAwLjA1OC0wLjI4NSAwLjE2LTAuMzg4bDUuNTg3LTUuNTg3YzAuMjE0LTAuMjE0IDAuNTYxLTAuMjE0IDAuNzc1IDBsMi4xMTkgMi4xMTljMC4yMTQgMC4yMTQgMC41NjEgMC4yMTQgMC43NzUgMGw4LjE5MS04LjE5MmMwLjIxNC0wLjIxNCAwLjU2MS0wLjIxNCAwLjc3NSAwbDUgNWMwLjEwMyAwLjEwMyAwLjE2IDAuMjQyIDAuMTYgMC4zODh2OS45ODhjMCAwLjMwMy0wLjI0NSAwLjU0OC0wLjU0OCAwLjU0OGgtMjIuNDQ3Yy0wLjMwMyAwLTAuNTQ4LTAuMjQ1LTAuNTQ4LTAuNTQ4eiIgb3BhY2l0eT0iMSIgdmlzaWJpbGl0eT0iZmFsc2UiIGZpbGw9IiNkN2Q3ZDciPjwvcGF0aD4KCTxwYXRoIGQ9Ik0yMS41NDQgMTcuOTY3YzAgMS45ODItMS42MDYgMy41ODgtMy41ODggMy41ODhzLTMuNTg4LTEuNjA2LTMuNTg4LTMuNTg4YzAtMS45ODEgMS42MDYtMy41ODggMy41ODgtMy41ODhzMy41ODggMS42MDYgMy41ODggMy41ODh6IiBvcGFjaXR5PSIxIiB2aXNpYmlsaXR5PSJmYWxzZSIgZmlsbD0iI2Q3ZDdkNyI+PC9wYXRoPgo8L3N2Zz4K" alt="Rao's Homemade Marinara Pasta Sauce All Natural" skeleton-box-size="9rem" class="product-grid-image object-contain"></div></div> <div class="mobile-product-list-cell_info"><div class="product-tile_detail"><div class="skeleton-loader_wrapper cursor-pointer"><div class="product-grid-cell_price-container product-grid-cell_price-container--mobile"><span class="product-grid-cell_main-price"><!---->
    $8.19
  </span> <!----></div> <!----></div> <!----></div> <div class="mobile-product-list-cell_name-content"><div class="skeleton-loader_wrapper"><div class="product-grid-cell_name"><a id="product-name-117427-16760862938690092" href="#" data-opens-modal="true" aria-haspopup="dialog" class="product-grid-cell_name-text product-grid-cell_name-text--clamp-2"><!---->
    Rao's Homemade Marinara Pasta Sauce All Natural
  </a></div> <!----> <!----></div> <div class="skeleton-loader_wrapper"><div class="product-grid-cell_sizes"><span class="product-grid-cell_size">
    24 OZ JAR
  </span> <span aria-hidden="true">
    |
  </span> <!----> <span class="product-grid-cell_unit">
    $0.34 / OZ
  </span></div> <!----></div> <!----> <!----> <!----> <!----> <!----> <!----> <!----></div> <div class="mobile-product-list-cell_bottom"><div class="mobile-product-list-cell_bottom_cart-ui-wrapper"><!----> <!----> <div class="pdl-add-to-cart"><div class="pdl-add-to-cart_button"><button aria-label="Add to cart" data-product-id="117427" data-price="8.19" class="button button--add-to-cart">
      Add to cart
      <!----></button> <!----> <!----> <!----></div> <!----></div></div> <!----></div></div></div> <div class="product-tile_action-items"><!----> <!----> <div class="shopping-list-menu_container"><div class="relative-el"><button aria-label="add to shopping list" class="button pdl-product-detail_top-icon button--fourth pdl-product-detail_top-icon--borderless"><!----> <div class="vector-icon-size--large"><svg xmlns="http://www.w3.org/2000/svg" aria-label="Shopping List Icon Add" viewBox="0 0 32 32" role="presentation" aria-hidden="true" focusable="false" class="vector-icon-color--dark-grey"><title lang="en">Shopping List Icon Add</title><desc></desc><g fill="" stroke=""><g><path d="M21.94066,15.3368884 L21.94066,12.8931995 C21.94066,12.3409148 22.3883752,11.8931995 22.94066,11.8931995 C23.4929447,11.8931995 23.94066,12.3409148 23.94066,12.8931995 L23.94066,15.3368884 L26.2522624,15.3368884 C26.8045471,15.3368884 27.2522624,15.7846037 27.2522624,16.3368884 C27.2522624,16.8891732 26.8045471,17.3368884 26.2522624,17.3368884 L23.94066,17.3368884 L23.94066,19.8787952 C23.94066,20.43108 23.4929447,20.8787952 22.94066,20.8787952 C22.3883752,20.8787952 21.94066,20.43108 21.94066,19.8787952 L21.94066,17.3368884 L19.2666667,17.3368884 C18.7143819,17.3368884 18.2666667,16.8891732 18.2666667,16.3368884 C18.2666667,15.7846037 18.7143819,15.3368884 19.2666667,15.3368884 L21.94066,15.3368884 Z M8,12 C7.44771525,12 7,11.5522847 7,11 C7,10.4477153 7.44771525,10 8,10 L19.1153581,10 C19.6676429,10 20.1153581,10.4477153 20.1153581,11 C20.1153581,11.5522847 19.6676429,12 19.1153581,12 L8,12 Z M8,17.3368884 C7.44771525,17.3368884 7,16.8891732 7,16.3368884 C7,15.7846037 7.44771525,15.3368884 8,15.3368884 L14.7200696,15.3368884 C15.2723543,15.3368884 15.7200696,15.7846037 15.7200696,16.3368884 C15.7200696,16.8891732 15.2723543,17.3368884 14.7200696,17.3368884 L8,17.3368884 Z M8,23 C7.44771525,23 7,22.5522847 7,22 C7,21.4477153 7.44771525,21 8,21 L19.1153581,21 C19.6676429,21 20.1153581,21.4477153 20.1153581,22 C20.1153581,22.5522847 19.6676429,23 19.1153581,23 L8,23 Z" fill="#000000" fill-rule="nonzero"></path></g></g></svg></div> <div class="pdl-product-detail_list-tooltip"><p>Add item to shopping list</p> <em></em></div></button></div></div></div> <!----></li> <!----><!----> <!----> <!----> <!----> <li tabindex="-1" data-product-id="6372" class="slot mobile-product-list-cell"><!----> <!----> <!----> <!----> <div class="mobile-product-list-cell_content"><div><!----> <div class="flag_outer-container"><div class=""><svg xmlns="http://www.w3.org/2000/svg" aria-label="Sale" viewBox="0 0 32 32" role="presentation" aria-hidden="true" focusable="false" class="w-20 ml-3"><title lang="en">Sale</title><desc></desc><g fill="" stroke=""><g><path d="M16.56 19.87a3.81 3.81 0 0 1-1-.13l-13.39-3.5a1.5 1.5 0 0 1-1.12-1.34l-.81-11a1.52 1.52 0 0 1 1.39-1.61l27.69-2h.11a1.51 1.51 0 0 1 1.5 1.4l.82 11a1.52 1.52 0 0 1-.91 1.5l-12.72 5.36a3.79 3.79 0 0 1-1.56.32Z" fill="#ed1256"></path><path fill="#fff" d="M29.43.48a1.26 1.26 0 0 1 1.26 1.17l.82 11a1.27 1.27 0 0 1-.76 1.26L18 19.34a3.72 3.72 0 0 1-1.47.3 3.79 3.79 0 0 1-.94-.12L2.24 16a1.27 1.27 0 0 1-1-1.13l-.81-11a1.26 1.26 0 0 1 1.22-1.33L29.34.48h.09m0-.48h-.13L1.62 2A1.76 1.76 0 0 0 0 3.92l.82 11a1.73 1.73 0 0 0 1.3 1.55L15.5 20a4.3 4.3 0 0 0 1.07.14 4.24 4.24 0 0 0 1.65-.34l12.72-5.44A1.76 1.76 0 0 0 32 12.59l-.82-11A1.76 1.76 0 0 0 29.43 0Z"></path><path fill="#fff" d="M3.74 9.87a3 3 0 0 0 .82.55 2.21 2.21 0 0 0 1.08.19 1.6 1.6 0 0 0 .29 0 1 1 0 0 0 .26-.12.58.58 0 0 0 .18-.2.62.62 0 0 0 0-.31.59.59 0 0 0-.32-.49 3.38 3.38 0 0 0-.85-.34L4.84 9a4.19 4.19 0 0 1-.69-.26 2.44 2.44 0 0 1-.63-.41 1.92 1.92 0 0 1-.7-1.42 2.68 2.68 0 0 1 .1-1A2.2 2.2 0 0 1 3.39 5a2.42 2.42 0 0 1 .82-.6 3.15 3.15 0 0 1 1.17-.28 3.68 3.68 0 0 1 1.72.24 3 3 0 0 1 .57.29A2.66 2.66 0 0 1 8 5l-.82 1.37a4.42 4.42 0 0 0-.82-.45 2 2 0 0 0-.85-.13 1.4 1.4 0 0 0-.28.06A.9.9 0 0 0 5 6a.62.62 0 0 0-.16.2.5.5 0 0 0 0 .28.6.6 0 0 0 .1.31.68.68 0 0 0 .24.2 1.27 1.27 0 0 0 .35.15l.43.13.35.09a7.49 7.49 0 0 1 .69.22 2.2 2.2 0 0 1 .72.42 2.46 2.46 0 0 1 .54.68 2.31 2.31 0 0 1 .27 1 2.15 2.15 0 0 1-.15 1 2.53 2.53 0 0 1-.56.84 2.77 2.77 0 0 1-.88.59 4 4 0 0 1-1.11.27A4.67 4.67 0 0 1 4 12.25a3.79 3.79 0 0 1-1.28-.75ZM11.29 3.89l2.17-.16 3.1 7.7-2 .15L14 10l-2.39.18-.35 1.67-2 .14Zm2.15 4.6-1-2.84-.61 2.95ZM17 3.47l1.89-.14.44 6 3.3-.25.16 1.92-5.19.39ZM23.36 3l5.13-.38.13 1.8-3.24.24.09 1.22 2.66-.2.12 1.7-2.65.2.09 1.35 3.46-.26.13 1.81-5.34.4Z"></path></g></g></svg></div> <!----> <!----> <!----></div></div> <div class="mobile-product-list-cell_left"><div><!----> <img src="data:image/svg+xml;base64,PD94bWwgdmVyc2lvbj0iMS4wIiBlbmNvZGluZz0idXRmLTgiPz4KPCEtLSBHZW5lcmF0ZWQgYnkgSWNvTW9vbi5pbyAtLT4KPCFET0NUWVBFIHN2ZyBQVUJMSUMgIi0vL1czQy8vRFREIFNWRyAxLjEvL0VOIiAiaHR0cDovL3d3dy53My5vcmcvR3JhcGhpY3MvU1ZHLzEuMS9EVEQvc3ZnMTEuZHRkIj4KPHN2ZyB2ZXJzaW9uPSIxLjEiIHhtbG5zPSJodHRwOi8vd3d3LnczLm9yZy8yMDAwL3N2ZyIgeG1sbnM6eGxpbms9Imh0dHA6Ly93d3cudzMub3JnLzE5OTkveGxpbmsiIHdpZHRoPSI0OCIgaGVpZ2h0PSI0OCIgdmlld0JveD0iMCAwIDQ4IDQ4Ij4KPGcgaWQ9Imljb21vb24taWdub3JlIj4KCTxsaW5lIHN0cm9rZS13aWR0aD0iMSIgeDE9IiIgeTE9IiIgeDI9IiIgeTI9IiIgc3Ryb2tlPSIjNDQ5RkRCIiBvcGFjaXR5PSIiPjwvbGluZT4KPC9nPgoJPHBhdGggZD0iTTM4LjQ4IDkuMDcwYzAuMjQ4IDAgMC40NSAwLjIwMiAwLjQ1IDAuNDV2MjguOTU5YzAgMC4yNDgtMC4yMDIgMC40NS0wLjQ1IDAuNDVoLTI4Ljk1OWMtMC4yNDggMC0wLjQ1LTAuMjAyLTAuNDUtMC40NXYtMjguOTU5YzAtMC4yNDggMC4yMDItMC40NSAwLjQ1LTAuNDVoMjguOTU5ek0zOC40OCA4aC0yOC45NTljLTAuODQgMC0xLjUyIDAuNjgxLTEuNTIgMS41MjF2MjguOTU5YzAgMC44NCAwLjY4MSAxLjUyMSAxLjUyIDEuNTIxaDI4Ljk1OWMwLjg0IDAgMS41Mi0wLjY4MSAxLjUyLTEuNTIxdi0yOC45NTljMC0wLjg0LTAuNjgxLTEuNTIxLTEuNTItMS41MjF2MHoiIG9wYWNpdHk9IjEiIHZpc2liaWxpdHk9ImZhbHNlIiBmaWxsPSIjZDdkN2Q3Ij48L3BhdGg+Cgk8cGF0aCBkPSJNMTIuMjI4IDM1LjIyNHYtMy4zMjljMC0wLjE0NSAwLjA1OC0wLjI4NSAwLjE2LTAuMzg4bDUuNTg3LTUuNTg3YzAuMjE0LTAuMjE0IDAuNTYxLTAuMjE0IDAuNzc1IDBsMi4xMTkgMi4xMTljMC4yMTQgMC4yMTQgMC41NjEgMC4yMTQgMC43NzUgMGw4LjE5MS04LjE5MmMwLjIxNC0wLjIxNCAwLjU2MS0wLjIxNCAwLjc3NSAwbDUgNWMwLjEwMyAwLjEwMyAwLjE2IDAuMjQyIDAuMTYgMC4zODh2OS45ODhjMCAwLjMwMy0wLjI0NSAwLjU0OC0wLjU0OCAwLjU0OGgtMjIuNDQ3Yy0wLjMwMyAwLTAuNTQ4LTAuMjQ1LTAuNTQ4LTAuNTQ4eiIgb3BhY2l0eT0iMSIgdmlzaWJpbGl0eT0iZmFsc2UiIGZpbGw9IiNkN2Q3ZDciPjwvcGF0aD4KCTxwYXRoIGQ9Ik0yMS41NDQgMTcuOTY3YzAgMS45ODItMS42MDYgMy41ODgtMy41ODggMy41ODhzLTMuNTg4LTEuNjA2LTMuNTg4LTMuNTg4YzAtMS45ODEgMS42MDYtMy41ODggMy41ODgtMy41ODhzMy41ODggMS42MDYgMy41ODggMy41ODh6IiBvcGFjaXR5PSIxIiB2aXNpYmlsaXR5PSJmYWxzZSIgZmlsbD0iI2Q3ZDdkNyI+PC9wYXRoPgo8L3N2Zz4K" alt="Oscar Mayer Naturally Hardwood Smoked Bacon" skeleton-box-size="9rem" class="product-grid-image object-contain"></div></div> <div class="mobile-product-list-cell_info"><div class="product-tile_detail"><div class="skeleton-loader_wrapper cursor-pointer"><div class="product-grid-cell_price-container product-grid-cell_price-container_column product-grid-cell_price-container--mobile"><span class="product-grid-cell_main-price product-grid-cell_main-price--on-sale"><span class="sr-only">
      Sale Price
    </span>
    $5.99
  </span> <div class="product-grid-cell_was-container"><span class="product-grid-cell_regular-price product-grid-cell_regular-price--small"><span class="sr-only">
        Original Price
      </span>
      $9.79
    </span></div></div> <!----></div> <!----></div> <div class="mobile-product-list-cell_name-content"><div class="skeleton-loader_wrapper"><div class="product-grid-cell_name"><a id="product-name-6372-16760862938737765" href="#" data-opens-modal="true" aria-haspopup="dialog" class="product-grid-cell_name-text product-grid-cell_name-text--clamp-2"><!---->
    Oscar Mayer Naturally Hardwood Smoked Bacon
  </a></div> <!----> <!----></div> <div class="skeleton-loader_wrapper"><div class="product-grid-cell_sizes"><span class="product-grid-cell_size">
    16 OZ PKG
  </span> <span aria-hidden="true">
    |
  </span> <!----> <span class="product-grid-cell_unit">
    $5.99 / LB
  </span></div> <!----></div> <!----> <!----> <!----> <!----> <!----> <!----> <!----></div> <div class="mobile-product-list-cell_bottom"><div class="mobile-product-list-cell_bottom_cart-ui-wrapper"><!----> <!----> <div class="pdl-add-to-cart"><div class="pdl-add-to-cart_button"><button aria-label="Add to cart" data-product-id="6372" data-price="5.99" class="button button--add-to-cart add-sale">
      Add to cart
      <!----></button> <!----> <!----> <!----></div> <!----></div></div> <!----></div></div></div> <div class="product-tile_action-items"><!----> <!----> <div class="shopping-list-menu_container"><div class="relative-el"><button aria-label="add to shopping list" class="button pdl-product-detail_top-icon button--fourth pdl-product-detail_top-icon--borderless"><!----> <div class="vector-icon-size--large"><svg xmlns="http://www.w3.org/2000/svg" aria-label="Shopping List Icon Add" viewBox="0 0 32 32" role="presentation" aria-hidden="true" focusable="false" class="vector-icon-color--dark-grey"><title lang="en">Shopping List Icon Add</title><desc></desc><g fill="" stroke=""><g><path d="M21.94066,15.3368884 L21.94066,12.8931995 C21.94066,12.3409148 22.3883752,11.8931995 22.94066,11.8931995 C23.4929447,11.8931995 23.94066,12.3409148 23.94066,12.8931995 L23.94066,15.3368884 L26.2522624,15.3368884 C26.8045471,15.3368884 27.2522624,15.7846037 27.2522624,16.3368884 C27.2522624,16.8891732 26.8045471,17.3368884 26.2522624,17.3368884 L23.94066,17.3368884 L23.94066,19.8787952 C23.94066,20.43108 23.4929447,20.8787952 22.94066,20.8787952 C22.3883752,20.8787952 21.94066,20.43108 21.94066,19.8787952 L21.94066,17.3368884 L19.2666667,17.3368884 C18.7143819,17.3368884 18.2666667,16.8891732 18.2666667,16.3368884 C18.2666667,15.7846037 18.7143819,15.3368884 19.2666667,15.3368884 L21.94066,15.3368884 Z M8,12 C7.44771525,12 7,11.5522847 7,11 C7,10.4477153 7.44771525,10 8,10 L19.1153581,10 C19.6676429,10 20.1153581,10.4477153 20.1153581,11 C20.1153581,11.5522847 19.6676429,12 19.1153581,12 L8,12 Z M8,17.3368884 C7.44771525,17.3368884 7,16.8891732 7,16.3368884 C7,15.7846037 7.44771525,15.3368884 8,15.3368884 L14.7200696,15.3368884 C15.2723543,15.3368884 15.7200696,15.7846037 15.7200696,16.3368884 C15.7200696,16.8891732 15.2723543,17.3368884 14.7200696,17.3368884 L8,17.3368884 Z M8,23 C7.44771525,23 7,22.5522847 7,22 C7,21.4477153 7.44771525,21 8,21 L19.1153581,21 C19.6676429,21 20.1153581,21.4477153 20.1153581,22 C20.1153581,22.5522847 19.6676429,23 19.1153581,23 L8,23 Z" fill="#000000" fill-rule="nonzero"></path></g></g></svg></div> <div class="pdl-product-detail_list-tooltip"><p>Add item to shopping list</p> <em></em></div></button></div></div></div> <!----></li> <!----><!----> <!----> <!----> <!----> <li tabindex="-1" data-product-id="216799" class="slot mobile-product-list-cell"><!----> <!----> <!----> <!----> <div class="mobile-product-list-cell_content"><div><!----> <div class="flag_outer-container"><!----> <!----> <!----> <!----></div></div> <div class="mobile-product-list-cell_left"><div><!----> <img src="data:image/svg+xml;base64,PD94bWwgdmVyc2lvbj0iMS4wIiBlbmNvZGluZz0idXRmLTgiPz4KPCEtLSBHZW5lcmF0ZWQgYnkgSWNvTW9vbi5pbyAtLT4KPCFET0NUWVBFIHN2ZyBQVUJMSUMgIi0vL1czQy8vRFREIFNWRyAxLjEvL0VOIiAiaHR0cDovL3d3dy53My5vcmcvR3JhcGhpY3MvU1ZHLzEuMS9EVEQvc3ZnMTEuZHRkIj4KPHN2ZyB2ZXJzaW9uPSIxLjEiIHhtbG5zPSJodHRwOi8vd3d3LnczLm9yZy8yMDAwL3N2ZyIgeG1sbnM6eGxpbms9Imh0dHA6Ly93d3cudzMub3JnLzE5OTkveGxpbmsiIHdpZHRoPSI0OCIgaGVpZ2h0PSI0OCIgdmlld0JveD0iMCAwIDQ4IDQ4Ij4KPGcgaWQ9Imljb21vb24taWdub3JlIj4KCTxsaW5lIHN0cm9rZS13aWR0aD0iMSIgeDE9IiIgeTE9IiIgeDI9IiIgeTI9IiIgc3Ryb2tlPSIjNDQ5RkRCIiBvcGFjaXR5PSIiPjwvbGluZT4KPC9nPgoJPHBhdGggZD0iTTM4LjQ4IDkuMDcwYzAuMjQ4IDAgMC40NSAwLjIwMiAwLjQ1IDAuNDV2MjguOTU5YzAgMC4yNDgtMC4yMDIgMC40NS0wLjQ1IDAuNDVoLTI4Ljk1OWMtMC4yNDggMC0wLjQ1LTAuMjAyLTAuNDUtMC40NXYtMjguOTU5YzAtMC4yNDggMC4yMDItMC40NSAwLjQ1LTAuNDVoMjguOTU5ek0zOC40OCA4aC0yOC45NTljLTAuODQgMC0xLjUyIDAuNjgxLTEuNTIgMS41MjF2MjguOTU5YzAgMC44NCAwLjY4MSAxLjUyMSAxLjUyIDEuNTIxaDI4Ljk1OWMwLjg0IDAgMS41Mi0wLjY4MSAxLjUyLTEuNTIxdi0yOC45NTljMC0wLjg0LTAuNjgxLTEuNTIxLTEuNTItMS41MjF2MHoiIG9wYWNpdHk9IjEiIHZpc2liaWxpdHk9ImZhbHNlIiBmaWxsPSIjZDdkN2Q3Ij48L3BhdGg+Cgk8cGF0aCBkPSJNMTIuMjI4IDM1LjIyNHYtMy4zMjljMC0wLjE0NSAwLjA1OC0wLjI4NSAwLjE2LTAuMzg4bDUuNTg3LTUuNTg3YzAuMjE0LTAuMjE0IDAuNTYxLTAuMjE0IDAuNzc1IDBsMi4xMTkgMi4xMTljMC4yMTQgMC4yMTQgMC41NjEgMC4yMTQgMC43NzUgMGw4LjE5MS04LjE5MmMwLjIxNC0wLjIxNCAwLjU2MS0wLjIxNCAwLjc3NSAwbDUgNWMwLjEwMyAwLjEwMyAwLjE2IDAuMjQyIDAuMTYgMC4zODh2OS45ODhjMCAwLjMwMy0wLjI0NSAwLjU0OC0wLjU0OCAwLjU0OGgtMjIuNDQ3Yy0wLjMwMyAwLTAuNTQ4LTAuMjQ1LTAuNTQ4LTAuNTQ4eiIgb3BhY2l0eT0iMSIgdmlzaWJpbGl0eT0iZmFsc2UiIGZpbGw9IiNkN2Q3ZDciPjwvcGF0aD4KCTxwYXRoIGQ9Ik0yMS41NDQgMTcuOTY3YzAgMS45ODItMS42MDYgMy41ODgtMy41ODggMy41ODhzLTMuNTg4LTEuNjA2LTMuNTg4LTMuNTg4YzAtMS45ODEgMS42MDYtMy41ODggMy41ODgtMy41ODhzMy41ODggMS42MDYgMy41ODggMy41ODh6IiBvcGFjaXR5PSIxIiB2aXNpYmlsaXR5PSJmYWxzZSIgZmlsbD0iI2Q3ZDdkNyI+PC9wYXRoPgo8L3N2Zz4K" alt="The Farmer's Hen Free Range Grade A Eggs Large" skeleton-box-size="9rem" class="product-grid-image object-contain"></div></div> <div class="mobile-product-list-cell_info"><div class="product-tile_detail"><div class="skeleton-loader_wrapper cursor-pointer"><div class="product-grid-cell_price-container product-grid-cell_price-container--mobile"><span class="product-grid-cell_main-price"><!---->
    $5.39
  </span> <!----></div> <!----></div> <!----></div> <div class="mobile-product-list-cell_name-content"><div class="skeleton-loader_wrapper"><div class="product-grid-cell_name"><a id="product-name-216799-16760862938758936" href="#" data-opens-modal="true" aria-haspopup="dialog" class="product-grid-cell_name-text product-grid-cell_name-text--clamp-2"><!---->
    The Farmer's Hen Free Range Grade A Eggs Large
  </a></div> <!----> <!----></div> <div class="skeleton-loader_wrapper"><div class="product-grid-cell_sizes"><span class="product-grid-cell_size">
    1 DOZ
  </span> <span aria-hidden="true">
    |
  </span> <!----> <span class="product-grid-cell_unit">
    $5.39 / DOZ
  </span></div> <!----></div> <!----> <!----> <!----> <!----> <!----> <!----> <!----></div> <div class="mobile-product-list-cell_bottom"><div class="mobile-product-list-cell_bottom_cart-ui-wrapper"><!----> <!----> <div class="pdl-add-to-cart"><div class="pdl-add-to-cart_button"><button aria-label="Add to cart" data-product-id="216799" data-price="5.39" class="button button--add-to-cart">
      Add to cart
      <!----></button> <!----> <!----> <!----></div> <!----></div></div> <!----></div></div></div> <div class="product-tile_action-items"><!----> <!----> <div class="shopping-list-menu_container"><div class="relative-el"><button aria-label="add to shopping list" class="button pdl-product-detail_top-icon button--fourth pdl-product-detail_top-icon--borderless"><!----> <div class="vector-icon-size--large"><svg xmlns="http://www.w3.org/2000/svg" aria-label="Shopping List Icon Add" viewBox="0 0 32 32" role="presentation" aria-hidden="true" focusable="false" class="vector-icon-color--dark-grey"><title lang="en">Shopping List Icon Add</title><desc></desc><g fill="" stroke=""><g><path d="M21.94066,15.3368884 L21.94066,12.8931995 C21.94066,12.3409148 22.3883752,11.8931995 22.94066,11.8931995 C23.4929447,11.8931995 23.94066,12.3409148 23.94066,12.8931995 L23.94066,15.3368884 L26.2522624,15.3368884 C26.8045471,15.3368884 27.2522624,15.7846037 27.2522624,16.3368884 C27.2522624,16.8891732 26.8045471,17.3368884 26.2522624,17.3368884 L23.94066,17.3368884 L23.94066,19.8787952 C23.94066,20.43108 23.4929447,20.8787952 22.94066,20.8787952 C22.3883752,20.8787952 21.94066,20.43108 21.94066,19.8787952 L21.94066,17.3368884 L19.2666667,17.3368884 C18.7143819,17.3368884 18.2666667,16.8891732 18.2666667,16.3368884 C18.2666667,15.7846037 18.7143819,15.3368884 19.2666667,15.3368884 L21.94066,15.3368884 Z M8,12 C7.44771525,12 7,11.5522847 7,11 C7,10.4477153 7.44771525,10 8,10 L19.1153581,10 C19.6676429,10 20.1153581,10.4477153 20.1153581,11 C20.1153581,11.5522847 19.6676429,12 19.1153581,12 L8,12 Z M8,17.3368884 C7.44771525,17.3368884 7,16.8891732 7,16.3368884 C7,15.7846037 7.44771525,15.3368884 8,15.3368884 L14.7200696,15.3368884 C15.2723543,15.3368884 15.7200696,15.7846037 15.7200696,16.3368884 C15.7200696,16.8891732 15.2723543,17.3368884 14.7200696,17.3368884 L8,17.3368884 Z M8,23 C7.44771525,23 7,22.5522847 7,22 C7,21.4477153 7.44771525,21 8,21 L19.1153581,21 C19.6676429,21 20.1153581,21.4477153 20.1153581,22 C20.1153581,22.5522847 19.6676429,23 19.1153581,23 L8,23 Z" fill="#000000" fill-rule="nonzero"></path></g></g></svg></div> <div class="pdl-product-detail_list-tooltip"><p>Add item to shopping list</p> <em></em></div></button></div></div></div> <!----></li> <!----><!----> <!----> <!----> <!----> <li tabindex="-1" data-product-id="202407" class="slot mobile-product-list-cell"><!----> <!----> <!----> <!----> <div class="mobile-product-list-cell_content"><div><!----> <div class="flag_outer-container"><!----> <!----> <!----> <!----></div></div> <div class="mobile-product-list-cell_left"><div><!----> <img src="data:image/svg+xml;base64,PD94bWwgdmVyc2lvbj0iMS4wIiBlbmNvZGluZz0idXRmLTgiPz4KPCEtLSBHZW5lcmF0ZWQgYnkgSWNvTW9vbi5pbyAtLT4KPCFET0NUWVBFIHN2ZyBQVUJMSUMgIi0vL1czQy8vRFREIFNWRyAxLjEvL0VOIiAiaHR0cDovL3d3dy53My5vcmcvR3JhcGhpY3MvU1ZHLzEuMS9EVEQvc3ZnMTEuZHRkIj4KPHN2ZyB2ZXJzaW9uPSIxLjEiIHhtbG5zPSJodHRwOi8vd3d3LnczLm9yZy8yMDAwL3N2ZyIgeG1sbnM6eGxpbms9Imh0dHA6Ly93d3cudzMub3JnLzE5OTkveGxpbmsiIHdpZHRoPSI0OCIgaGVpZ2h0PSI0OCIgdmlld0JveD0iMCAwIDQ4IDQ4Ij4KPGcgaWQ9Imljb21vb24taWdub3JlIj4KCTxsaW5lIHN0cm9rZS13aWR0aD0iMSIgeDE9IiIgeTE9IiIgeDI9IiIgeTI9IiIgc3Ryb2tlPSIjNDQ5RkRCIiBvcGFjaXR5PSIiPjwvbGluZT4KPC9nPgoJPHBhdGggZD0iTTM4LjQ4IDkuMDcwYzAuMjQ4IDAgMC40NSAwLjIwMiAwLjQ1IDAuNDV2MjguOTU5YzAgMC4yNDgtMC4yMDIgMC40NS0wLjQ1IDAuNDVoLTI4Ljk1OWMtMC4yNDggMC0wLjQ1LTAuMjAyLTAuNDUtMC40NXYtMjguOTU5YzAtMC4yNDggMC4yMDItMC40NSAwLjQ1LTAuNDVoMjguOTU5ek0zOC40OCA4aC0yOC45NTljLTAuODQgMC0xLjUyIDAuNjgxLTEuNTIgMS41MjF2MjguOTU5YzAgMC44NCAwLjY4MSAxLjUyMSAxLjUyIDEuNTIxaDI4Ljk1OWMwLjg0IDAgMS41Mi0wLjY4MSAxLjUyLTEuNTIxdi0yOC45NTljMC0wLjg0LTAuNjgxLTEuNTIxLTEuNTItMS41MjF2MHoiIG9wYWNpdHk9IjEiIHZpc2liaWxpdHk9ImZhbHNlIiBmaWxsPSIjZDdkN2Q3Ij48L3BhdGg+Cgk8cGF0aCBkPSJNMTIuMjI4IDM1LjIyNHYtMy4zMjljMC0wLjE0NSAwLjA1OC0wLjI4NSAwLjE2LTAuMzg4bDUuNTg3LTUuNTg3YzAuMjE0LTAuMjE0IDAuNTYxLTAuMjE0IDAuNzc1IDBsMi4xMTkgMi4xMTljMC4yMTQgMC4yMTQgMC41NjEgMC4yMTQgMC43NzUgMGw4LjE5MS04LjE5MmMwLjIxNC0wLjIxNCAwLjU2MS0wLjIxNCAwLjc3NSAwbDUgNWMwLjEwMyAwLjEwMyAwLjE2IDAuMjQyIDAuMTYgMC4zODh2OS45ODhjMCAwLjMwMy0wLjI0NSAwLjU0OC0wLjU0OCAwLjU0OGgtMjIuNDQ3Yy0wLjMwMyAwLTAuNTQ4LTAuMjQ1LTAuNTQ4LTAuNTQ4eiIgb3BhY2l0eT0iMSIgdmlzaWJpbGl0eT0iZmFsc2UiIGZpbGw9IiNkN2Q3ZDciPjwvcGF0aD4KCTxwYXRoIGQ9Ik0yMS41NDQgMTcuOTY3YzAgMS45ODItMS42MDYgMy41ODgtMy41ODggMy41ODhzLTMuNTg4LTEuNjA2LTMuNTg4LTMuNTg4YzAtMS45ODEgMS42MDYtMy41ODggMy41ODgtMy41ODhzMy41ODggMS42MDYgMy41ODggMy41ODh6IiBvcGFjaXR5PSIxIiB2aXNpYmlsaXR5PSJmYWxzZSIgZmlsbD0iI2Q3ZDdkNyI+PC9wYXRoPgo8L3N2Zz4K" alt="Stop &amp; Shop Baby Bella Mushrooms Sliced" skeleton-box-size="9rem" class="product-grid-image object-contain"></div></div> <div class="mobile-product-list-cell_info"><div class="product-tile_detail"><div class="skeleton-loader_wrapper cursor-pointer"><div class="product-grid-cell_price-container product-grid-cell_price-container--mobile"><span class="product-grid-cell_main-price"><!---->
    $3.99
  </span> <!----></div> <!----></div> <!----></div> <div class="mobile-product-list-cell_name-content"><div class="skeleton-loader_wrapper"><div class="product-grid-cell_name"><a id="product-name-202407-16760862938782354" href="#" data-opens-modal="true" aria-haspopup="dialog" class="product-grid-cell_name-text product-grid-cell_name-text--clamp-2"><span class="vector-icon_inline-text--left mr-0"><div class="vector-icon-size--xsmall"><svg xmlns="http://www.w3.org/2000/svg" aria-label="Ahold Icon" viewBox="0 0 1024 945" role="presentation" aria-hidden="true" focusable="false" class=""><title lang="en">Ahold Icon</title><desc></desc><g fill="" stroke=""><g><path d="M1.893 730.617c-1.289-2.094-2.052-4.631-2.052-7.346 0-.747.058-1.481.169-2.197.158-12.396 10.227-22.466 22.687-22.634h895.306c12.476.168 22.545 10.237 22.713 22.698-.521 3.721-1.182 6.924-2.024 10.053l.131-.574c-86.363 175.072-263.598 293.385-468.466 293.385S88.254 905.689 3.252 733.663l-1.361-3.046z" fill="#F7A800" class="path1"></path> <path d="M107.889 132.495c1.893-1.893 1.893-3.786 3.786-5.678 2.98-3.491 7.385-5.69 12.303-5.69s9.323 2.199 12.284 5.668l.019.022L613.264 603.8c3.491 2.98 5.69 7.385 5.69 12.303s-2.199 9.323-5.668 12.284c-1.399 1.869-3.361 3.216-5.631 3.789l-.069.015c-38.446 13.732-82.796 21.669-129.001 21.669-108.416 0-206.626-43.699-277.977-114.443C130.241 467.591 86.799 369.1 86.799 260.462c0-45.803 7.722-89.803 21.936-130.767l-.845 2.8z" fill="#E2231A" class="path2"></path> <path d="M600.015 1.893a6.922 6.922 0 0 1 5.713-1.889c.057-.006.164-.007.272-.007 7.15 0 12.947 5.796 12.947 12.947 0 .108-.001.215-.004.322v-.016 503.482c.002.091.004.199.004.306 0 7.15-5.796 12.947-12.947 12.947-.108 0-.215-.001-.322-.004a6.925 6.925 0 0 1-5.665-1.895l.002.002c-98.273-48.542-164.673-148.065-164.673-263.098S501.743 50.434 598.306 2.657l1.709-.765z" fill="#712177" class="path3"></path> <path d="M938.824 283.919c1.893 0 1.893 1.893 3.786 1.893 1.765 2.012 2.841 4.666 2.841 7.571s-1.077 5.559-2.853 7.584l.011-.013-268.776 266.884c-2.012 1.765-4.666 2.841-7.571 2.841s-5.559-1.077-7.584-2.853a3.774 3.774 0 0 1-1.877-3.793l-.002.019c-7.681-21.529-12.12-46.363-12.12-72.235 0-61.263 24.891-116.712 65.111-156.786 39.326-39.792 93.895-64.431 154.219-64.431 26.857 0 52.573 4.884 76.309 13.812l-1.494-.493z" fill="#82BC00" class="path4"></path></g></g></svg></div></span>
    Stop &amp; Shop Baby Bella Mushrooms Sliced
  </a></div> <!----> <!----></div> <div class="skeleton-loader_wrapper"><div class="product-grid-cell_sizes"><span class="product-grid-cell_size">
    16 OZ PKG
  </span> <span aria-hidden="true">
    |
  </span> <!----> <span class="product-grid-cell_unit">
    $0.25 / OZ
  </span></div> <!----></div> <!----> <!----> <!----> <!----> <!----> <!----> <!----></div> <div class="mobile-product-list-cell_bottom"><div class="mobile-product-list-cell_bottom_cart-ui-wrapper"><!----> <!----> <div class="pdl-add-to-cart"><div class="pdl-add-to-cart_button"><button aria-label="Add to cart" data-product-id="202407" data-price="3.99" class="button button--add-to-cart">
      Add to cart
      <!----></button> <!----> <!----> <!----></div> <!----></div></div> <!----></div></div></div> <div class="product-tile_action-items"><!----> <!----> <div class="shopping-list-menu_container"><div class="relative-el"><button aria-label="add to shopping list" class="button pdl-product-detail_top-icon button--fourth pdl-product-detail_top-icon--borderless"><!----> <div class="vector-icon-size--large"><svg xmlns="http://www.w3.org/2000/svg" aria-label="Shopping List Icon Add" viewBox="0 0 32 32" role="presentation" aria-hidden="true" focusable="false" class="vector-icon-color--dark-grey"><title lang="en">Shopping List Icon Add</title><desc></desc><g fill="" stroke=""><g><path d="M21.94066,15.3368884 L21.94066,12.8931995 C21.94066,12.3409148 22.3883752,11.8931995 22.94066,11.8931995 C23.4929447,11.8931995 23.94066,12.3409148 23.94066,12.8931995 L23.94066,15.3368884 L26.2522624,15.3368884 C26.8045471,15.3368884 27.2522624,15.7846037 27.2522624,16.3368884 C27.2522624,16.8891732 26.8045471,17.3368884 26.2522624,17.3368884 L23.94066,17.3368884 L23.94066,19.8787952 C23.94066,20.43108 23.4929447,20.8787952 22.94066,20.8787952 C22.3883752,20.8787952 21.94066,20.43108 21.94066,19.8787952 L21.94066,17.3368884 L19.2666667,17.3368884 C18.7143819,17.3368884 18.2666667,16.8891732 18.2666667,16.3368884 C18.2666667,15.7846037 18.7143819,15.3368884 19.2666667,15.3368884 L21.94066,15.3368884 Z M8,12 C7.44771525,12 7,11.5522847 7,11 C7,10.4477153 7.44771525,10 8,10 L19.1153581,10 C19.6676429,10 20.1153581,10.4477153 20.1153581,11 C20.1153581,11.5522847 19.6676429,12 19.1153581,12 L8,12 Z M8,17.3368884 C7.44771525,17.3368884 7,16.8891732 7,16.3368884 C7,15.7846037 7.44771525,15.3368884 8,15.3368884 L14.7200696,15.3368884 C15.2723543,15.3368884 15.7200696,15.7846037 15.7200696,16.3368884 C15.7200696,16.8891732 15.2723543,17.3368884 14.7200696,17.3368884 L8,17.3368884 Z M8,23 C7.44771525,23 7,22.5522847 7,22 C7,21.4477153 7.44771525,21 8,21 L19.1153581,21 C19.6676429,21 20.1153581,21.4477153 20.1153581,22 C20.1153581,22.5522847 19.6676429,23 19.1153581,23 L8,23 Z" fill="#000000" fill-rule="nonzero"></path></g></g></svg></div> <div class="pdl-product-detail_list-tooltip"><p>Add item to shopping list</p> <em></em></div></button></div></div></div> <!----></li> <!----><!----> <!----> <!----> <!----> <li tabindex="-1" data-product-id="128170" class="slot mobile-product-list-cell"><!----> <!----> <!----> <!----> <div class="mobile-product-list-cell_content"><div><!----> <div class="flag_outer-container"><!----> <!----> <!----> <!----></div></div> <div class="mobile-product-list-cell_left"><div><!----> <img src="data:image/svg+xml;base64,PD94bWwgdmVyc2lvbj0iMS4wIiBlbmNvZGluZz0idXRmLTgiPz4KPCEtLSBHZW5lcmF0ZWQgYnkgSWNvTW9vbi5pbyAtLT4KPCFET0NUWVBFIHN2ZyBQVUJMSUMgIi0vL1czQy8vRFREIFNWRyAxLjEvL0VOIiAiaHR0cDovL3d3dy53My5vcmcvR3JhcGhpY3MvU1ZHLzEuMS9EVEQvc3ZnMTEuZHRkIj4KPHN2ZyB2ZXJzaW9uPSIxLjEiIHhtbG5zPSJodHRwOi8vd3d3LnczLm9yZy8yMDAwL3N2ZyIgeG1sbnM6eGxpbms9Imh0dHA6Ly93d3cudzMub3JnLzE5OTkveGxpbmsiIHdpZHRoPSI0OCIgaGVpZ2h0PSI0OCIgdmlld0JveD0iMCAwIDQ4IDQ4Ij4KPGcgaWQ9Imljb21vb24taWdub3JlIj4KCTxsaW5lIHN0cm9rZS13aWR0aD0iMSIgeDE9IiIgeTE9IiIgeDI9IiIgeTI9IiIgc3Ryb2tlPSIjNDQ5RkRCIiBvcGFjaXR5PSIiPjwvbGluZT4KPC9nPgoJPHBhdGggZD0iTTM4LjQ4IDkuMDcwYzAuMjQ4IDAgMC40NSAwLjIwMiAwLjQ1IDAuNDV2MjguOTU5YzAgMC4yNDgtMC4yMDIgMC40NS0wLjQ1IDAuNDVoLTI4Ljk1OWMtMC4yNDggMC0wLjQ1LTAuMjAyLTAuNDUtMC40NXYtMjguOTU5YzAtMC4yNDggMC4yMDItMC40NSAwLjQ1LTAuNDVoMjguOTU5ek0zOC40OCA4aC0yOC45NTljLTAuODQgMC0xLjUyIDAuNjgxLTEuNTIgMS41MjF2MjguOTU5YzAgMC44NCAwLjY4MSAxLjUyMSAxLjUyIDEuNTIxaDI4Ljk1OWMwLjg0IDAgMS41Mi0wLjY4MSAxLjUyLTEuNTIxdi0yOC45NTljMC0wLjg0LTAuNjgxLTEuNTIxLTEuNTItMS41MjF2MHoiIG9wYWNpdHk9IjEiIHZpc2liaWxpdHk9ImZhbHNlIiBmaWxsPSIjZDdkN2Q3Ij48L3BhdGg+Cgk8cGF0aCBkPSJNMTIuMjI4IDM1LjIyNHYtMy4zMjljMC0wLjE0NSAwLjA1OC0wLjI4NSAwLjE2LTAuMzg4bDUuNTg3LTUuNTg3YzAuMjE0LTAuMjE0IDAuNTYxLTAuMjE0IDAuNzc1IDBsMi4xMTkgMi4xMTljMC4yMTQgMC4yMTQgMC41NjEgMC4yMTQgMC43NzUgMGw4LjE5MS04LjE5MmMwLjIxNC0wLjIxNCAwLjU2MS0wLjIxNCAwLjc3NSAwbDUgNWMwLjEwMyAwLjEwMyAwLjE2IDAuMjQyIDAuMTYgMC4zODh2OS45ODhjMCAwLjMwMy0wLjI0NSAwLjU0OC0wLjU0OCAwLjU0OGgtMjIuNDQ3Yy0wLjMwMyAwLTAuNTQ4LTAuMjQ1LTAuNTQ4LTAuNTQ4eiIgb3BhY2l0eT0iMSIgdmlzaWJpbGl0eT0iZmFsc2UiIGZpbGw9IiNkN2Q3ZDciPjwvcGF0aD4KCTxwYXRoIGQ9Ik0yMS41NDQgMTcuOTY3YzAgMS45ODItMS42MDYgMy41ODgtMy41ODggMy41ODhzLTMuNTg4LTEuNjA2LTMuNTg4LTMuNTg4YzAtMS45ODEgMS42MDYtMy41ODggMy41ODgtMy41ODhzMy41ODggMS42MDYgMy41ODggMy41ODh6IiBvcGFjaXR5PSIxIiB2aXNpYmlsaXR5PSJmYWxzZSIgZmlsbD0iI2Q3ZDdkNyI+PC9wYXRoPgo8L3N2Zz4K" alt="Cabot Vermont Cheddar Cheese Seriously Sharp White Chunk" skeleton-box-size="9rem" class="product-grid-image object-contain"></div></div> <div class="mobile-product-list-cell_info"><div class="product-tile_detail"><div class="skeleton-loader_wrapper cursor-pointer"><div class="product-grid-cell_price-container product-grid-cell_price-container--mobile"><span class="product-grid-cell_main-price"><!---->
    $3.89
  </span> <!----></div> <!----></div> <!----></div> <div class="mobile-product-list-cell_name-content"><div class="skeleton-loader_wrapper"><div class="product-grid-cell_name"><a id="product-name-128170-16760862938807692" href="#" data-opens-modal="true" aria-haspopup="dialog" class="product-grid-cell_name-text product-grid-cell_name-text--clamp-2"><!---->
    Cabot Vermont Cheddar Cheese Seriously Sharp White Chunk
  </a></div> <!----> <!----></div> <div class="skeleton-loader_wrapper"><div class="product-grid-cell_sizes"><span class="product-grid-cell_size">
    8 OZ BAR
  </span> <span aria-hidden="true">
    |
  </span> <!----> <span class="product-grid-cell_unit">
    $7.78 / LB
  </span></div> <!----></div> <!----> <!----> <!----> <!----> <!----> <!----> <!----></div> <div class="mobile-product-list-cell_bottom"><div class="mobile-product-list-cell_bottom_cart-ui-wrapper"><!----> <!----> <div class="pdl-add-to-cart"><div class="pdl-add-to-cart_button"><button aria-label="Add to cart" data-product-id="128170" data-price="3.89" class="button button--add-to-cart">
      Add to cart
      <!----></button> <!----> <!----> <!----></div> <!----></div></div> <!----></div></div></div> <div class="product-tile_action-items"><!----> <!----> <div class="shopping-list-menu_container"><div class="relative-el"><button aria-label="add to shopping list" class="button pdl-product-detail_top-icon button--fourth pdl-product-detail_top-icon--borderless"><!----> <div class="vector-icon-size--large"><svg xmlns="http://www.w3.org/2000/svg" aria-label="Shopping List Icon Add" viewBox="0 0 32 32" role="presentation" aria-hidden="true" focusable="false" class="vector-icon-color--dark-grey"><title lang="en">Shopping List Icon Add</title><desc></desc><g fill="" stroke=""><g><path d="M21.94066,15.3368884 L21.94066,12.8931995 C21.94066,12.3409148 22.3883752,11.8931995 22.94066,11.8931995 C23.4929447,11.8931995 23.94066,12.3409148 23.94066,12.8931995 L23.94066,15.3368884 L26.2522624,15.3368884 C26.8045471,15.3368884 27.2522624,15.7846037 27.2522624,16.3368884 C27.2522624,16.8891732 26.8045471,17.3368884 26.2522624,17.3368884 L23.94066,17.3368884 L23.94066,19.8787952 C23.94066,20.43108 23.4929447,20.8787952 22.94066,20.8787952 C22.3883752,20.8787952 21.94066,20.43108 21.94066,19.8787952 L21.94066,17.3368884 L19.2666667,17.3368884 C18.7143819,17.3368884 18.2666667,16.8891732 18.2666667,16.3368884 C18.2666667,15.7846037 18.7143819,15.3368884 19.2666667,15.3368884 L21.94066,15.3368884 Z M8,12 C7.44771525,12 7,11.5522847 7,11 C7,10.4477153 7.44771525,10 8,10 L19.1153581,10 C19.6676429,10 20.1153581,10.4477153 20.1153581,11 C20.1153581,11.5522847 19.6676429,12 19.1153581,12 L8,12 Z M8,17.3368884 C7.44771525,17.3368884 7,16.8891732 7,16.3368884 C7,15.7846037 7.44771525,15.3368884 8,15.3368884 L14.7200696,15.3368884 C15.2723543,15.3368884 15.7200696,15.7846037 15.7200696,16.3368884 C15.7200696,16.8891732 15.2723543,17.3368884 14.7200696,17.3368884 L8,17.3368884 Z M8,23 C7.44771525,23 7,22.5522847 7,22 C7,21.4477153 7.44771525,21 8,21 L19.1153581,21 C19.6676429,21 20.1153581,21.4477153 20.1153581,22 C20.1153581,22.5522847 19.6676429,23 19.1153581,23 L8,23 Z" fill="#000000" fill-rule="nonzero"></path></g></g></svg></div> <div class="pdl-product-detail_list-tooltip"><p>Add item to shopping list</p> <em></em></div></button></div></div></div> <!----></li> <!----><!----> <!----> <!----> <!----> <li tabindex="-1" data-product-id="164804" class="slot mobile-product-list-cell"><!----> <!----> <!----> <!----> <div class="mobile-product-list-cell_content"><div><!----> <div class="flag_outer-container"><!----> <!----> <!----> <!----></div></div> <div class="mobile-product-list-cell_left"><div><!----> <img src="data:image/svg+xml;base64,PD94bWwgdmVyc2lvbj0iMS4wIiBlbmNvZGluZz0idXRmLTgiPz4KPCEtLSBHZW5lcmF0ZWQgYnkgSWNvTW9vbi5pbyAtLT4KPCFET0NUWVBFIHN2ZyBQVUJMSUMgIi0vL1czQy8vRFREIFNWRyAxLjEvL0VOIiAiaHR0cDovL3d3dy53My5vcmcvR3JhcGhpY3MvU1ZHLzEuMS9EVEQvc3ZnMTEuZHRkIj4KPHN2ZyB2ZXJzaW9uPSIxLjEiIHhtbG5zPSJodHRwOi8vd3d3LnczLm9yZy8yMDAwL3N2ZyIgeG1sbnM6eGxpbms9Imh0dHA6Ly93d3cudzMub3JnLzE5OTkveGxpbmsiIHdpZHRoPSI0OCIgaGVpZ2h0PSI0OCIgdmlld0JveD0iMCAwIDQ4IDQ4Ij4KPGcgaWQ9Imljb21vb24taWdub3JlIj4KCTxsaW5lIHN0cm9rZS13aWR0aD0iMSIgeDE9IiIgeTE9IiIgeDI9IiIgeTI9IiIgc3Ryb2tlPSIjNDQ5RkRCIiBvcGFjaXR5PSIiPjwvbGluZT4KPC9nPgoJPHBhdGggZD0iTTM4LjQ4IDkuMDcwYzAuMjQ4IDAgMC40NSAwLjIwMiAwLjQ1IDAuNDV2MjguOTU5YzAgMC4yNDgtMC4yMDIgMC40NS0wLjQ1IDAuNDVoLTI4Ljk1OWMtMC4yNDggMC0wLjQ1LTAuMjAyLTAuNDUtMC40NXYtMjguOTU5YzAtMC4yNDggMC4yMDItMC40NSAwLjQ1LTAuNDVoMjguOTU5ek0zOC40OCA4aC0yOC45NTljLTAuODQgMC0xLjUyIDAuNjgxLTEuNTIgMS41MjF2MjguOTU5YzAgMC44NCAwLjY4MSAxLjUyMSAxLjUyIDEuNTIxaDI4Ljk1OWMwLjg0IDAgMS41Mi0wLjY4MSAxLjUyLTEuNTIxdi0yOC45NTljMC0wLjg0LTAuNjgxLTEuNTIxLTEuNTItMS41MjF2MHoiIG9wYWNpdHk9IjEiIHZpc2liaWxpdHk9ImZhbHNlIiBmaWxsPSIjZDdkN2Q3Ij48L3BhdGg+Cgk8cGF0aCBkPSJNMTIuMjI4IDM1LjIyNHYtMy4zMjljMC0wLjE0NSAwLjA1OC0wLjI4NSAwLjE2LTAuMzg4bDUuNTg3LTUuNTg3YzAuMjE0LTAuMjE0IDAuNTYxLTAuMjE0IDAuNzc1IDBsMi4xMTkgMi4xMTljMC4yMTQgMC4yMTQgMC41NjEgMC4yMTQgMC43NzUgMGw4LjE5MS04LjE5MmMwLjIxNC0wLjIxNCAwLjU2MS0wLjIxNCAwLjc3NSAwbDUgNWMwLjEwMyAwLjEwMyAwLjE2IDAuMjQyIDAuMTYgMC4zODh2OS45ODhjMCAwLjMwMy0wLjI0NSAwLjU0OC0wLjU0OCAwLjU0OGgtMjIuNDQ3Yy0wLjMwMyAwLTAuNTQ4LTAuMjQ1LTAuNTQ4LTAuNTQ4eiIgb3BhY2l0eT0iMSIgdmlzaWJpbGl0eT0iZmFsc2UiIGZpbGw9IiNkN2Q3ZDciPjwvcGF0aD4KCTxwYXRoIGQ9Ik0yMS41NDQgMTcuOTY3YzAgMS45ODItMS42MDYgMy41ODgtMy41ODggMy41ODhzLTMuNTg4LTEuNjA2LTMuNTg4LTMuNTg4YzAtMS45ODEgMS42MDYtMy41ODggMy41ODgtMy41ODhzMy41ODggMS42MDYgMy41ODggMy41ODh6IiBvcGFjaXR5PSIxIiB2aXNpYmlsaXR5PSJmYWxzZSIgZmlsbD0iI2Q3ZDdkNyI+PC9wYXRoPgo8L3N2Zz4K" alt="Stop &amp; Shop Honey Wheat Bread" skeleton-box-size="9rem" class="product-grid-image object-contain"></div></div> <div class="mobile-product-list-cell_info"><div class="product-tile_detail"><div class="skeleton-loader_wrapper cursor-pointer"><div class="product-grid-cell_price-container product-grid-cell_price-container--mobile"><span class="product-grid-cell_main-price"><!---->
    $2.50
  </span> <!----></div> <!----></div> <!----></div> <div class="mobile-product-list-cell_name-content"><div class="skeleton-loader_wrapper"><div class="product-grid-cell_name"><a id="product-name-164804-16760862938831391" href="#" data-opens-modal="true" aria-haspopup="dialog" class="product-grid-cell_name-text product-grid-cell_name-text--clamp-2"><span class="vector-icon_inline-text--left mr-0"><div class="vector-icon-size--xsmall"><svg xmlns="http://www.w3.org/2000/svg" aria-label="Ahold Icon" viewBox="0 0 1024 945" role="presentation" aria-hidden="true" focusable="false" class=""><title lang="en">Ahold Icon</title><desc></desc><g fill="" stroke=""><g><path d="M1.893 730.617c-1.289-2.094-2.052-4.631-2.052-7.346 0-.747.058-1.481.169-2.197.158-12.396 10.227-22.466 22.687-22.634h895.306c12.476.168 22.545 10.237 22.713 22.698-.521 3.721-1.182 6.924-2.024 10.053l.131-.574c-86.363 175.072-263.598 293.385-468.466 293.385S88.254 905.689 3.252 733.663l-1.361-3.046z" fill="#F7A800" class="path1"></path> <path d="M107.889 132.495c1.893-1.893 1.893-3.786 3.786-5.678 2.98-3.491 7.385-5.69 12.303-5.69s9.323 2.199 12.284 5.668l.019.022L613.264 603.8c3.491 2.98 5.69 7.385 5.69 12.303s-2.199 9.323-5.668 12.284c-1.399 1.869-3.361 3.216-5.631 3.789l-.069.015c-38.446 13.732-82.796 21.669-129.001 21.669-108.416 0-206.626-43.699-277.977-114.443C130.241 467.591 86.799 369.1 86.799 260.462c0-45.803 7.722-89.803 21.936-130.767l-.845 2.8z" fill="#E2231A" class="path2"></path> <path d="M600.015 1.893a6.922 6.922 0 0 1 5.713-1.889c.057-.006.164-.007.272-.007 7.15 0 12.947 5.796 12.947 12.947 0 .108-.001.215-.004.322v-.016 503.482c.002.091.004.199.004.306 0 7.15-5.796 12.947-12.947 12.947-.108 0-.215-.001-.322-.004a6.925 6.925 0 0 1-5.665-1.895l.002.002c-98.273-48.542-164.673-148.065-164.673-263.098S501.743 50.434 598.306 2.657l1.709-.765z" fill="#712177" class="path3"></path> <path d="M938.824 283.919c1.893 0 1.893 1.893 3.786 1.893 1.765 2.012 2.841 4.666 2.841 7.571s-1.077 5.559-2.853 7.584l.011-.013-268.776 266.884c-2.012 1.765-4.666 2.841-7.571 2.841s-5.559-1.077-7.584-2.853a3.774 3.774 0 0 1-1.877-3.793l-.002.019c-7.681-21.529-12.12-46.363-12.12-72.235 0-61.263 24.891-116.712 65.111-156.786 39.326-39.792 93.895-64.431 154.219-64.431 26.857 0 52.573 4.884 76.309 13.812l-1.494-.493z" fill="#82BC00" class="path4"></path></g></g></svg></div></span>
    Stop &amp; Shop Honey Wheat Bread
  </a></div> <!----> <!----></div> <div class="skeleton-loader_wrapper"><div class="product-grid-cell_sizes"><span class="product-grid-cell_size">
    20 OZ PKG
  </span> <span aria-hidden="true">
    |
  </span> <!----> <span class="product-grid-cell_unit">
    $0.13 / OZ
  </span></div> <!----></div> <!----> <!----> <!----> <!----> <!----> <!----> <!----></div> <div class="mobile-product-list-cell_bottom"><div class="mobile-product-list-cell_bottom_cart-ui-wrapper"><!----> <!----> <div class="pdl-add-to-cart"><div class="pdl-add-to-cart_button"><button aria-label="Add to cart" data-product-id="164804" data-price="2.5" class="button button--add-to-cart">
      Add to cart
      <!----></button> <!----> <!----> <!----></div> <!----></div></div> <!----></div></div></div> <div class="product-tile_action-items"><!----> <!----> <div class="shopping-list-menu_container"><div class="relative-el"><button aria-label="add to shopping list" class="button pdl-product-detail_top-icon button--fourth pdl-product-detail_top-icon--borderless"><!----> <div class="vector-icon-size--large"><svg xmlns="http://www.w3.org/2000/svg" aria-label="Shopping List Icon Add" viewBox="0 0 32 32" role="presentation" aria-hidden="true" focusable="false" class="vector-icon-color--dark-grey"><title lang="en">Shopping List Icon Add</title><desc></desc><g fill="" stroke=""><g><path d="M21.94066,15.3368884 L21.94066,12.8931995 C21.94066,12.3409148 22.3883752,11.8931995 22.94066,11.8931995 C23.4929447,11.8931995 23.94066,12.3409148 23.94066,12.8931995 L23.94066,15.3368884 L26.2522624,15.3368884 C26.8045471,15.3368884 27.2522624,15.7846037 27.2522624,16.3368884 C27.2522624,16.8891732 26.8045471,17.3368884 26.2522624,17.3368884 L23.94066,17.3368884 L23.94066,19.8787952 C23.94066,20.43108 23.4929447,20.8787952 22.94066,20.8787952 C22.3883752,20.8787952 21.94066,20.43108 21.94066,19.8787952 L21.94066,17.3368884 L19.2666667,17.3368884 C18.7143819,17.3368884 18.2666667,16.8891732 18.2666667,16.3368884 C18.2666667,15.7846037 18.7143819,15.3368884 19.2666667,15.3368884 L21.94066,15.3368884 Z M8,12 C7.44771525,12 7,11.5522847 7,11 C7,10.4477153 7.44771525,10 8,10 L19.1153581,10 C19.6676429,10 20.1153581,10.4477153 20.1153581,11 C20.1153581,11.5522847 19.6676429,12 19.1153581,12 L8,12 Z M8,17.3368884 C7.44771525,17.3368884 7,16.8891732 7,16.3368884 C7,15.7846037 7.44771525,15.3368884 8,15.3368884 L14.7200696,15.3368884 C15.2723543,15.3368884 15.7200696,15.7846037 15.7200696,16.3368884 C15.7200696,16.8891732 15.2723543,17.3368884 14.7200696,17.3368884 L8,17.3368884 Z M8,23 C7.44771525,23 7,22.5522847 7,22 C7,21.4477153 7.44771525,21 8,21 L19.1153581,21 C19.6676429,21 20.1153581,21.4477153 20.1153581,22 C20.1153581,22.5522847 19.6676429,23 19.1153581,23 L8,23 Z" fill="#000000" fill-rule="nonzero"></path></g></g></svg></div> <div class="pdl-product-detail_list-tooltip"><p>Add item to shopping list</p> <em></em></div></button></div></div></div> <!----></li> <!----><!----> <!----> <!----> <!----> <li tabindex="-1" data-product-id="106692" class="slot mobile-product-list-cell"><!----> <!----> <!----> <!----> <div class="mobile-product-list-cell_content"><div><!----> <div class="flag_outer-container"><!----> <!----> <!----> <!----></div></div> <div class="mobile-product-list-cell_left"><div><!----> <img src="data:image/svg+xml;base64,PD94bWwgdmVyc2lvbj0iMS4wIiBlbmNvZGluZz0idXRmLTgiPz4KPCEtLSBHZW5lcmF0ZWQgYnkgSWNvTW9vbi5pbyAtLT4KPCFET0NUWVBFIHN2ZyBQVUJMSUMgIi0vL1czQy8vRFREIFNWRyAxLjEvL0VOIiAiaHR0cDovL3d3dy53My5vcmcvR3JhcGhpY3MvU1ZHLzEuMS9EVEQvc3ZnMTEuZHRkIj4KPHN2ZyB2ZXJzaW9uPSIxLjEiIHhtbG5zPSJodHRwOi8vd3d3LnczLm9yZy8yMDAwL3N2ZyIgeG1sbnM6eGxpbms9Imh0dHA6Ly93d3cudzMub3JnLzE5OTkveGxpbmsiIHdpZHRoPSI0OCIgaGVpZ2h0PSI0OCIgdmlld0JveD0iMCAwIDQ4IDQ4Ij4KPGcgaWQ9Imljb21vb24taWdub3JlIj4KCTxsaW5lIHN0cm9rZS13aWR0aD0iMSIgeDE9IiIgeTE9IiIgeDI9IiIgeTI9IiIgc3Ryb2tlPSIjNDQ5RkRCIiBvcGFjaXR5PSIiPjwvbGluZT4KPC9nPgoJPHBhdGggZD0iTTM4LjQ4IDkuMDcwYzAuMjQ4IDAgMC40NSAwLjIwMiAwLjQ1IDAuNDV2MjguOTU5YzAgMC4yNDgtMC4yMDIgMC40NS0wLjQ1IDAuNDVoLTI4Ljk1OWMtMC4yNDggMC0wLjQ1LTAuMjAyLTAuNDUtMC40NXYtMjguOTU5YzAtMC4yNDggMC4yMDItMC40NSAwLjQ1LTAuNDVoMjguOTU5ek0zOC40OCA4aC0yOC45NTljLTAuODQgMC0xLjUyIDAuNjgxLTEuNTIgMS41MjF2MjguOTU5YzAgMC44NCAwLjY4MSAxLjUyMSAxLjUyIDEuNTIxaDI4Ljk1OWMwLjg0IDAgMS41Mi0wLjY4MSAxLjUyLTEuNTIxdi0yOC45NTljMC0wLjg0LTAuNjgxLTEuNTIxLTEuNTItMS41MjF2MHoiIG9wYWNpdHk9IjEiIHZpc2liaWxpdHk9ImZhbHNlIiBmaWxsPSIjZDdkN2Q3Ij48L3BhdGg+Cgk8cGF0aCBkPSJNMTIuMjI4IDM1LjIyNHYtMy4zMjljMC0wLjE0NSAwLjA1OC0wLjI4NSAwLjE2LTAuMzg4bDUuNTg3LTUuNTg3YzAuMjE0LTAuMjE0IDAuNTYxLTAuMjE0IDAuNzc1IDBsMi4xMTkgMi4xMTljMC4yMTQgMC4yMTQgMC41NjEgMC4yMTQgMC43NzUgMGw4LjE5MS04LjE5MmMwLjIxNC0wLjIxNCAwLjU2MS0wLjIxNCAwLjc3NSAwbDUgNWMwLjEwMyAwLjEwMyAwLjE2IDAuMjQyIDAuMTYgMC4zODh2OS45ODhjMCAwLjMwMy0wLjI0NSAwLjU0OC0wLjU0OCAwLjU0OGgtMjIuNDQ3Yy0wLjMwMyAwLTAuNTQ4LTAuMjQ1LTAuNTQ4LTAuNTQ4eiIgb3BhY2l0eT0iMSIgdmlzaWJpbGl0eT0iZmFsc2UiIGZpbGw9IiNkN2Q3ZDciPjwvcGF0aD4KCTxwYXRoIGQ9Ik0yMS41NDQgMTcuOTY3YzAgMS45ODItMS42MDYgMy41ODgtMy41ODggMy41ODhzLTMuNTg4LTEuNjA2LTMuNTg4LTMuNTg4YzAtMS45ODEgMS42MDYtMy41ODggMy41ODgtMy41ODhzMy41ODggMS42MDYgMy41ODggMy41ODh6IiBvcGFjaXR5PSIxIiB2aXNpYmlsaXR5PSJmYWxzZSIgZmlsbD0iI2Q3ZDdkNyI+PC9wYXRoPgo8L3N2Zz4K" alt="Stop &amp; Shop Deli American Cheese White (Thin Sliced)" skeleton-box-size="9rem" class="product-grid-image object-contain"></div></div> <div class="mobile-product-list-cell_info"><div class="product-tile_detail"><div class="skeleton-loader_wrapper cursor-pointer"><div class="product-grid-cell_price-container product-grid-cell_price-container--mobile"><span class="product-grid-cell_main-price"><!---->
    $3.25
  </span> <!----></div> <!----></div> <!----></div> <div class="mobile-product-list-cell_name-content"><div class="skeleton-loader_wrapper"><div class="product-grid-cell_name"><a id="product-name-106692-16760862938866107" href="#" data-opens-modal="true" aria-haspopup="dialog" class="product-grid-cell_name-text product-grid-cell_name-text--clamp-2"><span class="vector-icon_inline-text--left mr-0"><div class="vector-icon-size--xsmall"><svg xmlns="http://www.w3.org/2000/svg" aria-label="Ahold Icon" viewBox="0 0 1024 945" role="presentation" aria-hidden="true" focusable="false" class=""><title lang="en">Ahold Icon</title><desc></desc><g fill="" stroke=""><g><path d="M1.893 730.617c-1.289-2.094-2.052-4.631-2.052-7.346 0-.747.058-1.481.169-2.197.158-12.396 10.227-22.466 22.687-22.634h895.306c12.476.168 22.545 10.237 22.713 22.698-.521 3.721-1.182 6.924-2.024 10.053l.131-.574c-86.363 175.072-263.598 293.385-468.466 293.385S88.254 905.689 3.252 733.663l-1.361-3.046z" fill="#F7A800" class="path1"></path> <path d="M107.889 132.495c1.893-1.893 1.893-3.786 3.786-5.678 2.98-3.491 7.385-5.69 12.303-5.69s9.323 2.199 12.284 5.668l.019.022L613.264 603.8c3.491 2.98 5.69 7.385 5.69 12.303s-2.199 9.323-5.668 12.284c-1.399 1.869-3.361 3.216-5.631 3.789l-.069.015c-38.446 13.732-82.796 21.669-129.001 21.669-108.416 0-206.626-43.699-277.977-114.443C130.241 467.591 86.799 369.1 86.799 260.462c0-45.803 7.722-89.803 21.936-130.767l-.845 2.8z" fill="#E2231A" class="path2"></path> <path d="M600.015 1.893a6.922 6.922 0 0 1 5.713-1.889c.057-.006.164-.007.272-.007 7.15 0 12.947 5.796 12.947 12.947 0 .108-.001.215-.004.322v-.016 503.482c.002.091.004.199.004.306 0 7.15-5.796 12.947-12.947 12.947-.108 0-.215-.001-.322-.004a6.925 6.925 0 0 1-5.665-1.895l.002.002c-98.273-48.542-164.673-148.065-164.673-263.098S501.743 50.434 598.306 2.657l1.709-.765z" fill="#712177" class="path3"></path> <path d="M938.824 283.919c1.893 0 1.893 1.893 3.786 1.893 1.765 2.012 2.841 4.666 2.841 7.571s-1.077 5.559-2.853 7.584l.011-.013-268.776 266.884c-2.012 1.765-4.666 2.841-7.571 2.841s-5.559-1.077-7.584-2.853a3.774 3.774 0 0 1-1.877-3.793l-.002.019c-7.681-21.529-12.12-46.363-12.12-72.235 0-61.263 24.891-116.712 65.111-156.786 39.326-39.792 93.895-64.431 154.219-64.431 26.857 0 52.573 4.884 76.309 13.812l-1.494-.493z" fill="#82BC00" class="path4"></path></g></g></svg></div></span>
    Stop &amp; Shop Deli American Cheese White (Thin Sliced)
  </a></div> <!----> <!----></div> <div class="skeleton-loader_wrapper"><div class="product-grid-cell_sizes"><span class="product-grid-cell_size">
    APX 1/2 LB
  </span> <span aria-hidden="true">
    |
  </span> <!----> <span class="product-grid-cell_unit">
    $6.49 / LB
  </span></div> <!----></div> <!----> <!----> <!----> <!----> <!----> <!----> <!----></div> <div class="mobile-product-list-cell_bottom"><div class="mobile-product-list-cell_bottom_cart-ui-wrapper"><!----> <!----> <div class="pdl-add-to-cart"><div class="pdl-add-to-cart_button"><button aria-label="Add to cart" data-product-id="106692" data-price="3.25" class="button button--add-to-cart">
      Add to cart
      <!----></button> <!----> <!----> <!----></div> <!----></div></div> <!----></div></div></div> <div class="product-tile_action-items"><!----> <!----> <div class="shopping-list-menu_container"><div class="relative-el"><button aria-label="add to shopping list" class="button pdl-product-detail_top-icon button--fourth pdl-product-detail_top-icon--borderless"><!----> <div class="vector-icon-size--large"><svg xmlns="http://www.w3.org/2000/svg" aria-label="Shopping List Icon Add" viewBox="0 0 32 32" role="presentation" aria-hidden="true" focusable="false" class="vector-icon-color--dark-grey"><title lang="en">Shopping List Icon Add</title><desc></desc><g fill="" stroke=""><g><path d="M21.94066,15.3368884 L21.94066,12.8931995 C21.94066,12.3409148 22.3883752,11.8931995 22.94066,11.8931995 C23.4929447,11.8931995 23.94066,12.3409148 23.94066,12.8931995 L23.94066,15.3368884 L26.2522624,15.3368884 C26.8045471,15.3368884 27.2522624,15.7846037 27.2522624,16.3368884 C27.2522624,16.8891732 26.8045471,17.3368884 26.2522624,17.3368884 L23.94066,17.3368884 L23.94066,19.8787952 C23.94066,20.43108 23.4929447,20.8787952 22.94066,20.8787952 C22.3883752,20.8787952 21.94066,20.43108 21.94066,19.8787952 L21.94066,17.3368884 L19.2666667,17.3368884 C18.7143819,17.3368884 18.2666667,16.8891732 18.2666667,16.3368884 C18.2666667,15.7846037 18.7143819,15.3368884 19.2666667,15.3368884 L21.94066,15.3368884 Z M8,12 C7.44771525,12 7,11.5522847 7,11 C7,10.4477153 7.44771525,10 8,10 L19.1153581,10 C19.6676429,10 20.1153581,10.4477153 20.1153581,11 C20.1153581,11.5522847 19.6676429,12 19.1153581,12 L8,12 Z M8,17.3368884 C7.44771525,17.3368884 7,16.8891732 7,16.3368884 C7,15.7846037 7.44771525,15.3368884 8,15.3368884 L14.7200696,15.3368884 C15.2723543,15.3368884 15.7200696,15.7846037 15.7200696,16.3368884 C15.7200696,16.8891732 15.2723543,17.3368884 14.7200696,17.3368884 L8,17.3368884 Z M8,23 C7.44771525,23 7,22.5522847 7,22 C7,21.4477153 7.44771525,21 8,21 L19.1153581,21 C19.6676429,21 20.1153581,21.4477153 20.1153581,22 C20.1153581,22.5522847 19.6676429,23 19.1153581,23 L8,23 Z" fill="#000000" fill-rule="nonzero"></path></g></g></svg></div> <div class="pdl-product-detail_list-tooltip"><p>Add item to shopping list</p> <em></em></div></button></div></div></div> <!----></li> <!----><!----> <!----> <!----> <!----> <li tabindex="-1" data-product-id="279133" class="slot mobile-product-list-cell"><!----> <!----> <!----> <!----> <div class="mobile-product-list-cell_content"><div><!----> <div class="flag_outer-container"><!----> <!----> <!----> <!----></div></div> <div class="mobile-product-list-cell_left"><div><!----> <img src="data:image/svg+xml;base64,PD94bWwgdmVyc2lvbj0iMS4wIiBlbmNvZGluZz0idXRmLTgiPz4KPCEtLSBHZW5lcmF0ZWQgYnkgSWNvTW9vbi5pbyAtLT4KPCFET0NUWVBFIHN2ZyBQVUJMSUMgIi0vL1czQy8vRFREIFNWRyAxLjEvL0VOIiAiaHR0cDovL3d3dy53My5vcmcvR3JhcGhpY3MvU1ZHLzEuMS9EVEQvc3ZnMTEuZHRkIj4KPHN2ZyB2ZXJzaW9uPSIxLjEiIHhtbG5zPSJodHRwOi8vd3d3LnczLm9yZy8yMDAwL3N2ZyIgeG1sbnM6eGxpbms9Imh0dHA6Ly93d3cudzMub3JnLzE5OTkveGxpbmsiIHdpZHRoPSI0OCIgaGVpZ2h0PSI0OCIgdmlld0JveD0iMCAwIDQ4IDQ4Ij4KPGcgaWQ9Imljb21vb24taWdub3JlIj4KCTxsaW5lIHN0cm9rZS13aWR0aD0iMSIgeDE9IiIgeTE9IiIgeDI9IiIgeTI9IiIgc3Ryb2tlPSIjNDQ5RkRCIiBvcGFjaXR5PSIiPjwvbGluZT4KPC9nPgoJPHBhdGggZD0iTTM4LjQ4IDkuMDcwYzAuMjQ4IDAgMC40NSAwLjIwMiAwLjQ1IDAuNDV2MjguOTU5YzAgMC4yNDgtMC4yMDIgMC40NS0wLjQ1IDAuNDVoLTI4Ljk1OWMtMC4yNDggMC0wLjQ1LTAuMjAyLTAuNDUtMC40NXYtMjguOTU5YzAtMC4yNDggMC4yMDItMC40NSAwLjQ1LTAuNDVoMjguOTU5ek0zOC40OCA4aC0yOC45NTljLTAuODQgMC0xLjUyIDAuNjgxLTEuNTIgMS41MjF2MjguOTU5YzAgMC44NCAwLjY4MSAxLjUyMSAxLjUyIDEuNTIxaDI4Ljk1OWMwLjg0IDAgMS41Mi0wLjY4MSAxLjUyLTEuNTIxdi0yOC45NTljMC0wLjg0LTAuNjgxLTEuNTIxLTEuNTItMS41MjF2MHoiIG9wYWNpdHk9IjEiIHZpc2liaWxpdHk9ImZhbHNlIiBmaWxsPSIjZDdkN2Q3Ij48L3BhdGg+Cgk8cGF0aCBkPSJNMTIuMjI4IDM1LjIyNHYtMy4zMjljMC0wLjE0NSAwLjA1OC0wLjI4NSAwLjE2LTAuMzg4bDUuNTg3LTUuNTg3YzAuMjE0LTAuMjE0IDAuNTYxLTAuMjE0IDAuNzc1IDBsMi4xMTkgMi4xMTljMC4yMTQgMC4yMTQgMC41NjEgMC4yMTQgMC43NzUgMGw4LjE5MS04LjE5MmMwLjIxNC0wLjIxNCAwLjU2MS0wLjIxNCAwLjc3NSAwbDUgNWMwLjEwMyAwLjEwMyAwLjE2IDAuMjQyIDAuMTYgMC4zODh2OS45ODhjMCAwLjMwMy0wLjI0NSAwLjU0OC0wLjU0OCAwLjU0OGgtMjIuNDQ3Yy0wLjMwMyAwLTAuNTQ4LTAuMjQ1LTAuNTQ4LTAuNTQ4eiIgb3BhY2l0eT0iMSIgdmlzaWJpbGl0eT0iZmFsc2UiIGZpbGw9IiNkN2Q3ZDciPjwvcGF0aD4KCTxwYXRoIGQ9Ik0yMS41NDQgMTcuOTY3YzAgMS45ODItMS42MDYgMy41ODgtMy41ODggMy41ODhzLTMuNTg4LTEuNjA2LTMuNTg4LTMuNTg4YzAtMS45ODEgMS42MDYtMy41ODggMy41ODgtMy41ODhzMy41ODggMS42MDYgMy41ODggMy41ODh6IiBvcGFjaXR5PSIxIiB2aXNpYmlsaXR5PSJmYWxzZSIgZmlsbD0iI2Q3ZDdkNyI+PC9wYXRoPgo8L3N2Zz4K" alt="Stop &amp; Shop Pork Chops Center Cut Boneless - 4-6 ct Fresh" skeleton-box-size="9rem" class="product-grid-image object-contain"></div></div> <div class="mobile-product-list-cell_info"><div class="product-tile_detail"><div class="skeleton-loader_wrapper cursor-pointer"><div class="product-grid-cell_price-container product-grid-cell_price-container--mobile"><span class="product-grid-cell_main-price"><!---->
    $6.71
  </span> <!----></div> <!----></div> <!----></div> <div class="mobile-product-list-cell_name-content"><div class="skeleton-loader_wrapper"><div class="product-grid-cell_name"><a id="product-name-279133-16760862938892371" href="#" data-opens-modal="true" aria-haspopup="dialog" class="product-grid-cell_name-text product-grid-cell_name-text--clamp-2"><span class="vector-icon_inline-text--left mr-0"><div class="vector-icon-size--xsmall"><svg xmlns="http://www.w3.org/2000/svg" aria-label="Ahold Icon" viewBox="0 0 1024 945" role="presentation" aria-hidden="true" focusable="false" class=""><title lang="en">Ahold Icon</title><desc></desc><g fill="" stroke=""><g><path d="M1.893 730.617c-1.289-2.094-2.052-4.631-2.052-7.346 0-.747.058-1.481.169-2.197.158-12.396 10.227-22.466 22.687-22.634h895.306c12.476.168 22.545 10.237 22.713 22.698-.521 3.721-1.182 6.924-2.024 10.053l.131-.574c-86.363 175.072-263.598 293.385-468.466 293.385S88.254 905.689 3.252 733.663l-1.361-3.046z" fill="#F7A800" class="path1"></path> <path d="M107.889 132.495c1.893-1.893 1.893-3.786 3.786-5.678 2.98-3.491 7.385-5.69 12.303-5.69s9.323 2.199 12.284 5.668l.019.022L613.264 603.8c3.491 2.98 5.69 7.385 5.69 12.303s-2.199 9.323-5.668 12.284c-1.399 1.869-3.361 3.216-5.631 3.789l-.069.015c-38.446 13.732-82.796 21.669-129.001 21.669-108.416 0-206.626-43.699-277.977-114.443C130.241 467.591 86.799 369.1 86.799 260.462c0-45.803 7.722-89.803 21.936-130.767l-.845 2.8z" fill="#E2231A" class="path2"></path> <path d="M600.015 1.893a6.922 6.922 0 0 1 5.713-1.889c.057-.006.164-.007.272-.007 7.15 0 12.947 5.796 12.947 12.947 0 .108-.001.215-.004.322v-.016 503.482c.002.091.004.199.004.306 0 7.15-5.796 12.947-12.947 12.947-.108 0-.215-.001-.322-.004a6.925 6.925 0 0 1-5.665-1.895l.002.002c-98.273-48.542-164.673-148.065-164.673-263.098S501.743 50.434 598.306 2.657l1.709-.765z" fill="#712177" class="path3"></path> <path d="M938.824 283.919c1.893 0 1.893 1.893 3.786 1.893 1.765 2.012 2.841 4.666 2.841 7.571s-1.077 5.559-2.853 7.584l.011-.013-268.776 266.884c-2.012 1.765-4.666 2.841-7.571 2.841s-5.559-1.077-7.584-2.853a3.774 3.774 0 0 1-1.877-3.793l-.002.019c-7.681-21.529-12.12-46.363-12.12-72.235 0-61.263 24.891-116.712 65.111-156.786 39.326-39.792 93.895-64.431 154.219-64.431 26.857 0 52.573 4.884 76.309 13.812l-1.494-.493z" fill="#82BC00" class="path4"></path></g></g></svg></div></span>
    Stop &amp; Shop Pork Chops Center Cut Boneless - 4-6 ct Fresh
  </a></div> <!----> <!----></div> <div class="skeleton-loader_wrapper"><div class="product-grid-cell_sizes"><span class="product-grid-cell_size">
    APX 1.4 LB
  </span> <span aria-hidden="true">
    |
  </span> <!----> <span class="product-grid-cell_unit">
    $4.79 / LB
  </span></div> <!----></div> <!----> <!----> <!----> <!----> <!----> <!----> <!----></div> <div class="mobile-product-list-cell_bottom"><div class="mobile-product-list-cell_bottom_cart-ui-wrapper"><!----> <!----> <div class="pdl-add-to-cart"><div class="pdl-add-to-cart_button"><button aria-label="Add to cart" data-product-id="279133" data-price="6.71" class="button button--add-to-cart">
      Add to cart
      <!----></button> <!----> <!----> <!----></div> <!----></div></div> <!----></div></div></div> <div class="product-tile_action-items"><!----> <!----> <div class="shopping-list-menu_container"><div class="relative-el"><button aria-label="add to shopping list" class="button pdl-product-detail_top-icon button--fourth pdl-product-detail_top-icon--borderless"><!----> <div class="vector-icon-size--large"><svg xmlns="http://www.w3.org/2000/svg" aria-label="Shopping List Icon Add" viewBox="0 0 32 32" role="presentation" aria-hidden="true" focusable="false" class="vector-icon-color--dark-grey"><title lang="en">Shopping List Icon Add</title><desc></desc><g fill="" stroke=""><g><path d="M21.94066,15.3368884 L21.94066,12.8931995 C21.94066,12.3409148 22.3883752,11.8931995 22.94066,11.8931995 C23.4929447,11.8931995 23.94066,12.3409148 23.94066,12.8931995 L23.94066,15.3368884 L26.2522624,15.3368884 C26.8045471,15.3368884 27.2522624,15.7846037 27.2522624,16.3368884 C27.2522624,16.8891732 26.8045471,17.3368884 26.2522624,17.3368884 L23.94066,17.3368884 L23.94066,19.8787952 C23.94066,20.43108 23.4929447,20.8787952 22.94066,20.8787952 C22.3883752,20.8787952 21.94066,20.43108 21.94066,19.8787952 L21.94066,17.3368884 L19.2666667,17.3368884 C18.7143819,17.3368884 18.2666667,16.8891732 18.2666667,16.3368884 C18.2666667,15.7846037 18.7143819,15.3368884 19.2666667,15.3368884 L21.94066,15.3368884 Z M8,12 C7.44771525,12 7,11.5522847 7,11 C7,10.4477153 7.44771525,10 8,10 L19.1153581,10 C19.6676429,10 20.1153581,10.4477153 20.1153581,11 C20.1153581,11.5522847 19.6676429,12 19.1153581,12 L8,12 Z M8,17.3368884 C7.44771525,17.3368884 7,16.8891732 7,16.3368884 C7,15.7846037 7.44771525,15.3368884 8,15.3368884 L14.7200696,15.3368884 C15.2723543,15.3368884 15.7200696,15.7846037 15.7200696,16.3368884 C15.7200696,16.8891732 15.2723543,17.3368884 14.7200696,17.3368884 L8,17.3368884 Z M8,23 C7.44771525,23 7,22.5522847 7,22 C7,21.4477153 7.44771525,21 8,21 L19.1153581,21 C19.6676429,21 20.1153581,21.4477153 20.1153581,22 C20.1153581,22.5522847 19.6676429,23 19.1153581,23 L8,23 Z" fill="#000000" fill-rule="nonzero"></path></g></g></svg></div> <div class="pdl-product-detail_list-tooltip"><p>Add item to shopping list</p> <em></em></div></button></div></div></div> <!----></li> <!----><!----> <!----> <!----> <!----> <li tabindex="-1" data-product-id="213019" class="slot mobile-product-list-cell"><!----> <!----> <!----> <!----> <div class="mobile-product-list-cell_content"><div><!----> <div class="flag_outer-container"><!----> <!----> <!----> <!----></div></div> <div class="mobile-product-list-cell_left"><div><!----> <img src="data:image/svg+xml;base64,PD94bWwgdmVyc2lvbj0iMS4wIiBlbmNvZGluZz0idXRmLTgiPz4KPCEtLSBHZW5lcmF0ZWQgYnkgSWNvTW9vbi5pbyAtLT4KPCFET0NUWVBFIHN2ZyBQVUJMSUMgIi0vL1czQy8vRFREIFNWRyAxLjEvL0VOIiAiaHR0cDovL3d3dy53My5vcmcvR3JhcGhpY3MvU1ZHLzEuMS9EVEQvc3ZnMTEuZHRkIj4KPHN2ZyB2ZXJzaW9uPSIxLjEiIHhtbG5zPSJodHRwOi8vd3d3LnczLm9yZy8yMDAwL3N2ZyIgeG1sbnM6eGxpbms9Imh0dHA6Ly93d3cudzMub3JnLzE5OTkveGxpbmsiIHdpZHRoPSI0OCIgaGVpZ2h0PSI0OCIgdmlld0JveD0iMCAwIDQ4IDQ4Ij4KPGcgaWQ9Imljb21vb24taWdub3JlIj4KCTxsaW5lIHN0cm9rZS13aWR0aD0iMSIgeDE9IiIgeTE9IiIgeDI9IiIgeTI9IiIgc3Ryb2tlPSIjNDQ5RkRCIiBvcGFjaXR5PSIiPjwvbGluZT4KPC9nPgoJPHBhdGggZD0iTTM4LjQ4IDkuMDcwYzAuMjQ4IDAgMC40NSAwLjIwMiAwLjQ1IDAuNDV2MjguOTU5YzAgMC4yNDgtMC4yMDIgMC40NS0wLjQ1IDAuNDVoLTI4Ljk1OWMtMC4yNDggMC0wLjQ1LTAuMjAyLTAuNDUtMC40NXYtMjguOTU5YzAtMC4yNDggMC4yMDItMC40NSAwLjQ1LTAuNDVoMjguOTU5ek0zOC40OCA4aC0yOC45NTljLTAuODQgMC0xLjUyIDAuNjgxLTEuNTIgMS41MjF2MjguOTU5YzAgMC44NCAwLjY4MSAxLjUyMSAxLjUyIDEuNTIxaDI4Ljk1OWMwLjg0IDAgMS41Mi0wLjY4MSAxLjUyLTEuNTIxdi0yOC45NTljMC0wLjg0LTAuNjgxLTEuNTIxLTEuNTItMS41MjF2MHoiIG9wYWNpdHk9IjEiIHZpc2liaWxpdHk9ImZhbHNlIiBmaWxsPSIjZDdkN2Q3Ij48L3BhdGg+Cgk8cGF0aCBkPSJNMTIuMjI4IDM1LjIyNHYtMy4zMjljMC0wLjE0NSAwLjA1OC0wLjI4NSAwLjE2LTAuMzg4bDUuNTg3LTUuNTg3YzAuMjE0LTAuMjE0IDAuNTYxLTAuMjE0IDAuNzc1IDBsMi4xMTkgMi4xMTljMC4yMTQgMC4yMTQgMC41NjEgMC4yMTQgMC43NzUgMGw4LjE5MS04LjE5MmMwLjIxNC0wLjIxNCAwLjU2MS0wLjIxNCAwLjc3NSAwbDUgNWMwLjEwMyAwLjEwMyAwLjE2IDAuMjQyIDAuMTYgMC4zODh2OS45ODhjMCAwLjMwMy0wLjI0NSAwLjU0OC0wLjU0OCAwLjU0OGgtMjIuNDQ3Yy0wLjMwMyAwLTAuNTQ4LTAuMjQ1LTAuNTQ4LTAuNTQ4eiIgb3BhY2l0eT0iMSIgdmlzaWJpbGl0eT0iZmFsc2UiIGZpbGw9IiNkN2Q3ZDciPjwvcGF0aD4KCTxwYXRoIGQ9Ik0yMS41NDQgMTcuOTY3YzAgMS45ODItMS42MDYgMy41ODgtMy41ODggMy41ODhzLTMuNTg4LTEuNjA2LTMuNTg4LTMuNTg4YzAtMS45ODEgMS42MDYtMy41ODggMy41ODgtMy41ODhzMy41ODggMS42MDYgMy41ODggMy41ODh6IiBvcGFjaXR5PSIxIiB2aXNpYmlsaXR5PSJmYWxzZSIgZmlsbD0iI2Q3ZDdkNyI+PC9wYXRoPgo8L3N2Zz4K" alt="Chobani Greek Yogurt Mixed Berry Blended 2% Milk Fat" skeleton-box-size="9rem" class="product-grid-image object-contain"></div></div> <div class="mobile-product-list-cell_info"><div class="product-tile_detail"><div class="skeleton-loader_wrapper cursor-pointer"><div class="product-grid-cell_price-container product-grid-cell_price-container--mobile"><span class="product-grid-cell_main-price"><!---->
    $1.79
  </span> <!----></div> <!----></div> <!----></div> <div class="mobile-product-list-cell_name-content"><div class="skeleton-loader_wrapper"><div class="product-grid-cell_name"><a id="product-name-213019-16760862938932474" href="#" data-opens-modal="true" aria-haspopup="dialog" class="product-grid-cell_name-text product-grid-cell_name-text--clamp-2"><!---->
    Chobani Greek Yogurt Mixed Berry Blended 2% Milk Fat
  </a></div> <!----> <!----></div> <div class="skeleton-loader_wrapper"><div class="product-grid-cell_sizes"><span class="product-grid-cell_size">
    5.3 OZ CUP
  </span> <span aria-hidden="true">
    |
  </span> <!----> <span class="product-grid-cell_unit">
    $0.34 / OZ
  </span></div> <!----></div> <!----> <!----> <!----> <!----> <!----> <!----> <!----></div> <div class="mobile-product-list-cell_bottom"><div class="mobile-product-list-cell_bottom_cart-ui-wrapper"><div class="pdl-add-to-cart"><button class="button button--disabled out-of-stock_text">
    Out of Stock
  </button> <!----></div> <!----> <!----></div> <!----></div></div></div> <div class="product-tile_action-items"><!----> <!----> <div class="shopping-list-menu_container"><div class="relative-el"><button aria-label="add to shopping list" class="button pdl-product-detail_top-icon button--fourth pdl-product-detail_top-icon--borderless"><!----> <div class="vector-icon-size--large"><svg xmlns="http://www.w3.org/2000/svg" aria-label="Shopping List Icon Add" viewBox="0 0 32 32" role="presentation" aria-hidden="true" focusable="false" class="vector-icon-color--dark-grey"><title lang="en">Shopping List Icon Add</title><desc></desc><g fill="" stroke=""><g><path d="M21.94066,15.3368884 L21.94066,12.8931995 C21.94066,12.3409148 22.3883752,11.8931995 22.94066,11.8931995 C23.4929447,11.8931995 23.94066,12.3409148 23.94066,12.8931995 L23.94066,15.3368884 L26.2522624,15.3368884 C26.8045471,15.3368884 27.2522624,15.7846037 27.2522624,16.3368884 C27.2522624,16.8891732 26.8045471,17.3368884 26.2522624,17.3368884 L23.94066,17.3368884 L23.94066,19.8787952 C23.94066,20.43108 23.4929447,20.8787952 22.94066,20.8787952 C22.3883752,20.8787952 21.94066,20.43108 21.94066,19.8787952 L21.94066,17.3368884 L19.2666667,17.3368884 C18.7143819,17.3368884 18.2666667,16.8891732 18.2666667,16.3368884 C18.2666667,15.7846037 18.7143819,15.3368884 19.2666667,15.3368884 L21.94066,15.3368884 Z M8,12 C7.44771525,12 7,11.5522847 7,11 C7,10.4477153 7.44771525,10 8,10 L19.1153581,10 C19.6676429,10 20.1153581,10.4477153 20.1153581,11 C20.1153581,11.5522847 19.6676429,12 19.1153581,12 L8,12 Z M8,17.3368884 C7.44771525,17.3368884 7,16.8891732 7,16.3368884 C7,15.7846037 7.44771525,15.3368884 8,15.3368884 L14.7200696,15.3368884 C15.2723543,15.3368884 15.7200696,15.7846037 15.7200696,16.3368884 C15.7200696,16.8891732 15.2723543,17.3368884 14.7200696,17.3368884 L8,17.3368884 Z M8,23 C7.44771525,23 7,22.5522847 7,22 C7,21.4477153 7.44771525,21 8,21 L19.1153581,21 C19.6676429,21 20.1153581,21.4477153 20.1153581,22 C20.1153581,22.5522847 19.6676429,23 19.1153581,23 L8,23 Z" fill="#000000" fill-rule="nonzero"></path></g></g></svg></div> <div class="pdl-product-detail_list-tooltip"><p>Add item to shopping list</p> <em></em></div></button></div></div></div> <!----></li> <!----><!----> <!----> <!----> <!----> <li tabindex="-1" data-product-id="224840" class="slot mobile-product-list-cell"><!----> <!----> <!----> <!----> <div class="mobile-product-list-cell_content"><div><!----> <div class="flag_outer-container"><div class=""><svg xmlns="http://www.w3.org/2000/svg" aria-label="Sale" viewBox="0 0 32 32" role="presentation" aria-hidden="true" focusable="false" class="w-20 ml-3"><title lang="en">Sale</title><desc></desc><g fill="" stroke=""><g><path d="M16.56 19.87a3.81 3.81 0 0 1-1-.13l-13.39-3.5a1.5 1.5 0 0 1-1.12-1.34l-.81-11a1.52 1.52 0 0 1 1.39-1.61l27.69-2h.11a1.51 1.51 0 0 1 1.5 1.4l.82 11a1.52 1.52 0 0 1-.91 1.5l-12.72 5.36a3.79 3.79 0 0 1-1.56.32Z" fill="#ed1256"></path><path fill="#fff" d="M29.43.48a1.26 1.26 0 0 1 1.26 1.17l.82 11a1.27 1.27 0 0 1-.76 1.26L18 19.34a3.72 3.72 0 0 1-1.47.3 3.79 3.79 0 0 1-.94-.12L2.24 16a1.27 1.27 0 0 1-1-1.13l-.81-11a1.26 1.26 0 0 1 1.22-1.33L29.34.48h.09m0-.48h-.13L1.62 2A1.76 1.76 0 0 0 0 3.92l.82 11a1.73 1.73 0 0 0 1.3 1.55L15.5 20a4.3 4.3 0 0 0 1.07.14 4.24 4.24 0 0 0 1.65-.34l12.72-5.44A1.76 1.76 0 0 0 32 12.59l-.82-11A1.76 1.76 0 0 0 29.43 0Z"></path><path fill="#fff" d="M3.74 9.87a3 3 0 0 0 .82.55 2.21 2.21 0 0 0 1.08.19 1.6 1.6 0 0 0 .29 0 1 1 0 0 0 .26-.12.58.58 0 0 0 .18-.2.62.62 0 0 0 0-.31.59.59 0 0 0-.32-.49 3.38 3.38 0 0 0-.85-.34L4.84 9a4.19 4.19 0 0 1-.69-.26 2.44 2.44 0 0 1-.63-.41 1.92 1.92 0 0 1-.7-1.42 2.68 2.68 0 0 1 .1-1A2.2 2.2 0 0 1 3.39 5a2.42 2.42 0 0 1 .82-.6 3.15 3.15 0 0 1 1.17-.28 3.68 3.68 0 0 1 1.72.24 3 3 0 0 1 .57.29A2.66 2.66 0 0 1 8 5l-.82 1.37a4.42 4.42 0 0 0-.82-.45 2 2 0 0 0-.85-.13 1.4 1.4 0 0 0-.28.06A.9.9 0 0 0 5 6a.62.62 0 0 0-.16.2.5.5 0 0 0 0 .28.6.6 0 0 0 .1.31.68.68 0 0 0 .24.2 1.27 1.27 0 0 0 .35.15l.43.13.35.09a7.49 7.49 0 0 1 .69.22 2.2 2.2 0 0 1 .72.42 2.46 2.46 0 0 1 .54.68 2.31 2.31 0 0 1 .27 1 2.15 2.15 0 0 1-.15 1 2.53 2.53 0 0 1-.56.84 2.77 2.77 0 0 1-.88.59 4 4 0 0 1-1.11.27A4.67 4.67 0 0 1 4 12.25a3.79 3.79 0 0 1-1.28-.75ZM11.29 3.89l2.17-.16 3.1 7.7-2 .15L14 10l-2.39.18-.35 1.67-2 .14Zm2.15 4.6-1-2.84-.61 2.95ZM17 3.47l1.89-.14.44 6 3.3-.25.16 1.92-5.19.39ZM23.36 3l5.13-.38.13 1.8-3.24.24.09 1.22 2.66-.2.12 1.7-2.65.2.09 1.35 3.46-.26.13 1.81-5.34.4Z"></path></g></g></svg></div> <!----> <!----> <!----></div></div> <div class="mobile-product-list-cell_left"><div><!----> <img src="data:image/svg+xml;base64,PD94bWwgdmVyc2lvbj0iMS4wIiBlbmNvZGluZz0idXRmLTgiPz4KPCEtLSBHZW5lcmF0ZWQgYnkgSWNvTW9vbi5pbyAtLT4KPCFET0NUWVBFIHN2ZyBQVUJMSUMgIi0vL1czQy8vRFREIFNWRyAxLjEvL0VOIiAiaHR0cDovL3d3dy53My5vcmcvR3JhcGhpY3MvU1ZHLzEuMS9EVEQvc3ZnMTEuZHRkIj4KPHN2ZyB2ZXJzaW9uPSIxLjEiIHhtbG5zPSJodHRwOi8vd3d3LnczLm9yZy8yMDAwL3N2ZyIgeG1sbnM6eGxpbms9Imh0dHA6Ly93d3cudzMub3JnLzE5OTkveGxpbmsiIHdpZHRoPSI0OCIgaGVpZ2h0PSI0OCIgdmlld0JveD0iMCAwIDQ4IDQ4Ij4KPGcgaWQ9Imljb21vb24taWdub3JlIj4KCTxsaW5lIHN0cm9rZS13aWR0aD0iMSIgeDE9IiIgeTE9IiIgeDI9IiIgeTI9IiIgc3Ryb2tlPSIjNDQ5RkRCIiBvcGFjaXR5PSIiPjwvbGluZT4KPC9nPgoJPHBhdGggZD0iTTM4LjQ4IDkuMDcwYzAuMjQ4IDAgMC40NSAwLjIwMiAwLjQ1IDAuNDV2MjguOTU5YzAgMC4yNDgtMC4yMDIgMC40NS0wLjQ1IDAuNDVoLTI4Ljk1OWMtMC4yNDggMC0wLjQ1LTAuMjAyLTAuNDUtMC40NXYtMjguOTU5YzAtMC4yNDggMC4yMDItMC40NSAwLjQ1LTAuNDVoMjguOTU5ek0zOC40OCA4aC0yOC45NTljLTAuODQgMC0xLjUyIDAuNjgxLTEuNTIgMS41MjF2MjguOTU5YzAgMC44NCAwLjY4MSAxLjUyMSAxLjUyIDEuNTIxaDI4Ljk1OWMwLjg0IDAgMS41Mi0wLjY4MSAxLjUyLTEuNTIxdi0yOC45NTljMC0wLjg0LTAuNjgxLTEuNTIxLTEuNTItMS41MjF2MHoiIG9wYWNpdHk9IjEiIHZpc2liaWxpdHk9ImZhbHNlIiBmaWxsPSIjZDdkN2Q3Ij48L3BhdGg+Cgk8cGF0aCBkPSJNMTIuMjI4IDM1LjIyNHYtMy4zMjljMC0wLjE0NSAwLjA1OC0wLjI4NSAwLjE2LTAuMzg4bDUuNTg3LTUuNTg3YzAuMjE0LTAuMjE0IDAuNTYxLTAuMjE0IDAuNzc1IDBsMi4xMTkgMi4xMTljMC4yMTQgMC4yMTQgMC41NjEgMC4yMTQgMC43NzUgMGw4LjE5MS04LjE5MmMwLjIxNC0wLjIxNCAwLjU2MS0wLjIxNCAwLjc3NSAwbDUgNWMwLjEwMyAwLjEwMyAwLjE2IDAuMjQyIDAuMTYgMC4zODh2OS45ODhjMCAwLjMwMy0wLjI0NSAwLjU0OC0wLjU0OCAwLjU0OGgtMjIuNDQ3Yy0wLjMwMyAwLTAuNTQ4LTAuMjQ1LTAuNTQ4LTAuNTQ4eiIgb3BhY2l0eT0iMSIgdmlzaWJpbGl0eT0iZmFsc2UiIGZpbGw9IiNkN2Q3ZDciPjwvcGF0aD4KCTxwYXRoIGQ9Ik0yMS41NDQgMTcuOTY3YzAgMS45ODItMS42MDYgMy41ODgtMy41ODggMy41ODhzLTMuNTg4LTEuNjA2LTMuNTg4LTMuNTg4YzAtMS45ODEgMS42MDYtMy41ODggMy41ODgtMy41ODhzMy41ODggMS42MDYgMy41ODggMy41ODh6IiBvcGFjaXR5PSIxIiB2aXNpYmlsaXR5PSJmYWxzZSIgZmlsbD0iI2Q3ZDdkNyI+PC9wYXRoPgo8L3N2Zz4K" alt="College Inn Bold Chicken Stock Unsalted" skeleton-box-size="9rem" class="product-grid-image object-contain"></div></div> <div class="mobile-product-list-cell_info"><div class="product-tile_detail"><div class="skeleton-loader_wrapper cursor-pointer"><div class="product-grid-cell_price-container product-grid-cell_price-container_column product-grid-cell_price-container--mobile"><span class="product-grid-cell_main-price product-grid-cell_main-price--on-sale"><span class="sr-only">
      Sale Price
    </span>
    $2.00
  </span> <div class="product-grid-cell_was-container"><span class="product-grid-cell_regular-price product-grid-cell_regular-price--small"><span class="sr-only">
        Original Price
      </span>
      $3.49
    </span></div></div> <!----></div> <!----></div> <div class="mobile-product-list-cell_name-content"><div class="skeleton-loader_wrapper"><div class="product-grid-cell_name"><a id="product-name-224840-16760862938990425" href="#" data-opens-modal="true" aria-haspopup="dialog" class="product-grid-cell_name-text product-grid-cell_name-text--clamp-2"><!---->
    College Inn Bold Chicken Stock Unsalted
  </a></div> <!----> <!----></div> <div class="skeleton-loader_wrapper"><div class="product-grid-cell_sizes"><span class="product-grid-cell_size">
    32 OZ CTN
  </span> <span aria-hidden="true">
    |
  </span> <!----> <span class="product-grid-cell_unit">
    $0.06 / OZ
  </span></div> <!----></div> <!----> <!----> <!----> <!----> <!----> <!----> <!----></div> <div class="mobile-product-list-cell_bottom"><div class="mobile-product-list-cell_bottom_cart-ui-wrapper"><!----> <!----> <div class="pdl-add-to-cart"><div class="pdl-add-to-cart_button"><button aria-label="Add to cart" data-product-id="224840" data-price="2" class="button button--add-to-cart add-sale">
      Add to cart
      <!----></button> <!----> <!----> <!----></div> <!----></div></div> <!----></div></div></div> <div class="product-tile_action-items"><!----> <!----> <div class="shopping-list-menu_container"><div class="relative-el"><button aria-label="add to shopping list" class="button pdl-product-detail_top-icon button--fourth pdl-product-detail_top-icon--borderless"><!----> <div class="vector-icon-size--large"><svg xmlns="http://www.w3.org/2000/svg" aria-label="Shopping List Icon Add" viewBox="0 0 32 32" role="presentation" aria-hidden="true" focusable="false" class="vector-icon-color--dark-grey"><title lang="en">Shopping List Icon Add</title><desc></desc><g fill="" stroke=""><g><path d="M21.94066,15.3368884 L21.94066,12.8931995 C21.94066,12.3409148 22.3883752,11.8931995 22.94066,11.8931995 C23.4929447,11.8931995 23.94066,12.3409148 23.94066,12.8931995 L23.94066,15.3368884 L26.2522624,15.3368884 C26.8045471,15.3368884 27.2522624,15.7846037 27.2522624,16.3368884 C27.2522624,16.8891732 26.8045471,17.3368884 26.2522624,17.3368884 L23.94066,17.3368884 L23.94066,19.8787952 C23.94066,20.43108 23.4929447,20.8787952 22.94066,20.8787952 C22.3883752,20.8787952 21.94066,20.43108 21.94066,19.8787952 L21.94066,17.3368884 L19.2666667,17.3368884 C18.7143819,17.3368884 18.2666667,16.8891732 18.2666667,16.3368884 C18.2666667,15.7846037 18.7143819,15.3368884 19.2666667,15.3368884 L21.94066,15.3368884 Z M8,12 C7.44771525,12 7,11.5522847 7,11 C7,10.4477153 7.44771525,10 8,10 L19.1153581,10 C19.6676429,10 20.1153581,10.4477153 20.1153581,11 C20.1153581,11.5522847 19.6676429,12 19.1153581,12 L8,12 Z M8,17.3368884 C7.44771525,17.3368884 7,16.8891732 7,16.3368884 C7,15.7846037 7.44771525,15.3368884 8,15.3368884 L14.7200696,15.3368884 C15.2723543,15.3368884 15.7200696,15.7846037 15.7200696,16.3368884 C15.7200696,16.8891732 15.2723543,17.3368884 14.7200696,17.3368884 L8,17.3368884 Z M8,23 C7.44771525,23 7,22.5522847 7,22 C7,21.4477153 7.44771525,21 8,21 L19.1153581,21 C19.6676429,21 20.1153581,21.4477153 20.1153581,22 C20.1153581,22.5522847 19.6676429,23 19.1153581,23 L8,23 Z" fill="#000000" fill-rule="nonzero"></path></g></g></svg></div> <div class="pdl-product-detail_list-tooltip"><p>Add item to shopping list</p> <em></em></div></button></div></div></div> <!----></li> <!----><!----> <!----> <!----> <!----> <li tabindex="-1" data-product-id="138037" class="slot mobile-product-list-cell"><!----> <!----> <!----> <!----> <div class="mobile-product-list-cell_content"><div><!----> <div class="flag_outer-container"><!----> <!----> <!----> <!----></div></div> <div class="mobile-product-list-cell_left"><div><!----> <img src="data:image/svg+xml;base64,PD94bWwgdmVyc2lvbj0iMS4wIiBlbmNvZGluZz0idXRmLTgiPz4KPCEtLSBHZW5lcmF0ZWQgYnkgSWNvTW9vbi5pbyAtLT4KPCFET0NUWVBFIHN2ZyBQVUJMSUMgIi0vL1czQy8vRFREIFNWRyAxLjEvL0VOIiAiaHR0cDovL3d3dy53My5vcmcvR3JhcGhpY3MvU1ZHLzEuMS9EVEQvc3ZnMTEuZHRkIj4KPHN2ZyB2ZXJzaW9uPSIxLjEiIHhtbG5zPSJodHRwOi8vd3d3LnczLm9yZy8yMDAwL3N2ZyIgeG1sbnM6eGxpbms9Imh0dHA6Ly93d3cudzMub3JnLzE5OTkveGxpbmsiIHdpZHRoPSI0OCIgaGVpZ2h0PSI0OCIgdmlld0JveD0iMCAwIDQ4IDQ4Ij4KPGcgaWQ9Imljb21vb24taWdub3JlIj4KCTxsaW5lIHN0cm9rZS13aWR0aD0iMSIgeDE9IiIgeTE9IiIgeDI9IiIgeTI9IiIgc3Ryb2tlPSIjNDQ5RkRCIiBvcGFjaXR5PSIiPjwvbGluZT4KPC9nPgoJPHBhdGggZD0iTTM4LjQ4IDkuMDcwYzAuMjQ4IDAgMC40NSAwLjIwMiAwLjQ1IDAuNDV2MjguOTU5YzAgMC4yNDgtMC4yMDIgMC40NS0wLjQ1IDAuNDVoLTI4Ljk1OWMtMC4yNDggMC0wLjQ1LTAuMjAyLTAuNDUtMC40NXYtMjguOTU5YzAtMC4yNDggMC4yMDItMC40NSAwLjQ1LTAuNDVoMjguOTU5ek0zOC40OCA4aC0yOC45NTljLTAuODQgMC0xLjUyIDAuNjgxLTEuNTIgMS41MjF2MjguOTU5YzAgMC44NCAwLjY4MSAxLjUyMSAxLjUyIDEuNTIxaDI4Ljk1OWMwLjg0IDAgMS41Mi0wLjY4MSAxLjUyLTEuNTIxdi0yOC45NTljMC0wLjg0LTAuNjgxLTEuNTIxLTEuNTItMS41MjF2MHoiIG9wYWNpdHk9IjEiIHZpc2liaWxpdHk9ImZhbHNlIiBmaWxsPSIjZDdkN2Q3Ij48L3BhdGg+Cgk8cGF0aCBkPSJNMTIuMjI4IDM1LjIyNHYtMy4zMjljMC0wLjE0NSAwLjA1OC0wLjI4NSAwLjE2LTAuMzg4bDUuNTg3LTUuNTg3YzAuMjE0LTAuMjE0IDAuNTYxLTAuMjE0IDAuNzc1IDBsMi4xMTkgMi4xMTljMC4yMTQgMC4yMTQgMC41NjEgMC4yMTQgMC43NzUgMGw4LjE5MS04LjE5MmMwLjIxNC0wLjIxNCAwLjU2MS0wLjIxNCAwLjc3NSAwbDUgNWMwLjEwMyAwLjEwMyAwLjE2IDAuMjQyIDAuMTYgMC4zODh2OS45ODhjMCAwLjMwMy0wLjI0NSAwLjU0OC0wLjU0OCAwLjU0OGgtMjIuNDQ3Yy0wLjMwMyAwLTAuNTQ4LTAuMjQ1LTAuNTQ4LTAuNTQ4eiIgb3BhY2l0eT0iMSIgdmlzaWJpbGl0eT0iZmFsc2UiIGZpbGw9IiNkN2Q3ZDciPjwvcGF0aD4KCTxwYXRoIGQ9Ik0yMS41NDQgMTcuOTY3YzAgMS45ODItMS42MDYgMy41ODgtMy41ODggMy41ODhzLTMuNTg4LTEuNjA2LTMuNTg4LTMuNTg4YzAtMS45ODEgMS42MDYtMy41ODggMy41ODgtMy41ODhzMy41ODggMS42MDYgMy41ODggMy41ODh6IiBvcGFjaXR5PSIxIiB2aXNpYmlsaXR5PSJmYWxzZSIgZmlsbD0iI2Q3ZDdkNyI+PC9wYXRoPgo8L3N2Zz4K" alt="Coca-Cola Zero Sugar Cola Soda" skeleton-box-size="9rem" class="product-grid-image object-contain"></div></div> <div class="mobile-product-list-cell_info"><div class="product-tile_detail"><div class="skeleton-loader_wrapper cursor-pointer"><div class="product-grid-cell_price-container product-grid-cell_price-container--mobile"><span class="product-grid-cell_main-price"><!---->
    $2.99
  </span> <!----></div> <!----></div> <!----></div> <div class="mobile-product-list-cell_name-content"><div class="skeleton-loader_wrapper"><div class="product-grid-cell_name"><a id="product-name-138037-16760862939050256" href="#" data-opens-modal="true" aria-haspopup="dialog" class="product-grid-cell_name-text product-grid-cell_name-text--clamp-2"><!---->
    Coca-Cola Zero Sugar Cola Soda
  </a></div> <!----> <!----></div> <div class="skeleton-loader_wrapper"><div class="product-grid-cell_sizes"><span class="product-grid-cell_size">
    2 LTR BTL
  </span> <span aria-hidden="true">
    |
  </span> <!----> <span class="product-grid-cell_unit">
    $0.04 / OZ
  </span></div> <!----></div> <!----> <div id="coupon-link-138037-16760862939050256" tabindex="0" role="link" aria-label="Open coupon details" data-opens-modal="true" class="product-tile_coupon-offer product-tile_coupon-offer-eci product-tile_coupon-offer--mobile" is-mobile="true"><div class="product-tile_coupon-offer-display"><!----> <div class="vector-icon_mobile-center"><!----></div> <div class="product-tile_coupon-offer-name flex-center product-tile_coupon-offer-name--full-tile"><!---->
      5/$8 when you buy 5 or more
    </div></div> <!----> <div class="product-tile_coupon-offer-loading-coupon"><!----></div></div> <!----> <!----> <!----> <!----> <!----></div> <div class="mobile-product-list-cell_bottom"><div class="mobile-product-list-cell_bottom_cart-ui-wrapper"><!----> <!----> <div class="pdl-add-to-cart"><div class="pdl-add-to-cart_button"><button aria-label="Add to cart" data-product-id="138037" data-price="2.99" class="button button--add-to-cart">
      Add to cart
      <!----></button> <!----> <!----> <!----></div> <!----></div></div> <!----></div></div></div> <div class="product-tile_action-items"><!----> <!----> <div class="shopping-list-menu_container"><div class="relative-el"><button aria-label="add to shopping list" class="button pdl-product-detail_top-icon button--fourth pdl-product-detail_top-icon--borderless"><!----> <div class="vector-icon-size--large"><svg xmlns="http://www.w3.org/2000/svg" aria-label="Shopping List Icon Add" viewBox="0 0 32 32" role="presentation" aria-hidden="true" focusable="false" class="vector-icon-color--dark-grey"><title lang="en">Shopping List Icon Add</title><desc></desc><g fill="" stroke=""><g><path d="M21.94066,15.3368884 L21.94066,12.8931995 C21.94066,12.3409148 22.3883752,11.8931995 22.94066,11.8931995 C23.4929447,11.8931995 23.94066,12.3409148 23.94066,12.8931995 L23.94066,15.3368884 L26.2522624,15.3368884 C26.8045471,15.3368884 27.2522624,15.7846037 27.2522624,16.3368884 C27.2522624,16.8891732 26.8045471,17.3368884 26.2522624,17.3368884 L23.94066,17.3368884 L23.94066,19.8787952 C23.94066,20.43108 23.4929447,20.8787952 22.94066,20.8787952 C22.3883752,20.8787952 21.94066,20.43108 21.94066,19.8787952 L21.94066,17.3368884 L19.2666667,17.3368884 C18.7143819,17.3368884 18.2666667,16.8891732 18.2666667,16.3368884 C18.2666667,15.7846037 18.7143819,15.3368884 19.2666667,15.3368884 L21.94066,15.3368884 Z M8,12 C7.44771525,12 7,11.5522847 7,11 C7,10.4477153 7.44771525,10 8,10 L19.1153581,10 C19.6676429,10 20.1153581,10.4477153 20.1153581,11 C20.1153581,11.5522847 19.6676429,12 19.1153581,12 L8,12 Z M8,17.3368884 C7.44771525,17.3368884 7,16.8891732 7,16.3368884 C7,15.7846037 7.44771525,15.3368884 8,15.3368884 L14.7200696,15.3368884 C15.2723543,15.3368884 15.7200696,15.7846037 15.7200696,16.3368884 C15.7200696,16.8891732 15.2723543,17.3368884 14.7200696,17.3368884 L8,17.3368884 Z M8,23 C7.44771525,23 7,22.5522847 7,22 C7,21.4477153 7.44771525,21 8,21 L19.1153581,21 C19.6676429,21 20.1153581,21.4477153 20.1153581,22 C20.1153581,22.5522847 19.6676429,23 19.1153581,23 L8,23 Z" fill="#000000" fill-rule="nonzero"></path></g></g></svg></div> <div class="pdl-product-detail_list-tooltip"><p>Add item to shopping list</p> <em></em></div></button></div></div></div> <!----></li> <!----><!----> <!----> <!----> <!----> <li tabindex="-1" data-product-id="269598" class="slot mobile-product-list-cell"><!----> <!----> <!----> <!----> <div class="mobile-product-list-cell_content"><div><!----> <div class="flag_outer-container"><!----> <!----> <!----> <!----></div></div> <div class="mobile-product-list-cell_left"><div><!----> <img src="data:image/svg+xml;base64,PD94bWwgdmVyc2lvbj0iMS4wIiBlbmNvZGluZz0idXRmLTgiPz4KPCEtLSBHZW5lcmF0ZWQgYnkgSWNvTW9vbi5pbyAtLT4KPCFET0NUWVBFIHN2ZyBQVUJMSUMgIi0vL1czQy8vRFREIFNWRyAxLjEvL0VOIiAiaHR0cDovL3d3dy53My5vcmcvR3JhcGhpY3MvU1ZHLzEuMS9EVEQvc3ZnMTEuZHRkIj4KPHN2ZyB2ZXJzaW9uPSIxLjEiIHhtbG5zPSJodHRwOi8vd3d3LnczLm9yZy8yMDAwL3N2ZyIgeG1sbnM6eGxpbms9Imh0dHA6Ly93d3cudzMub3JnLzE5OTkveGxpbmsiIHdpZHRoPSI0OCIgaGVpZ2h0PSI0OCIgdmlld0JveD0iMCAwIDQ4IDQ4Ij4KPGcgaWQ9Imljb21vb24taWdub3JlIj4KCTxsaW5lIHN0cm9rZS13aWR0aD0iMSIgeDE9IiIgeTE9IiIgeDI9IiIgeTI9IiIgc3Ryb2tlPSIjNDQ5RkRCIiBvcGFjaXR5PSIiPjwvbGluZT4KPC9nPgoJPHBhdGggZD0iTTM4LjQ4IDkuMDcwYzAuMjQ4IDAgMC40NSAwLjIwMiAwLjQ1IDAuNDV2MjguOTU5YzAgMC4yNDgtMC4yMDIgMC40NS0wLjQ1IDAuNDVoLTI4Ljk1OWMtMC4yNDggMC0wLjQ1LTAuMjAyLTAuNDUtMC40NXYtMjguOTU5YzAtMC4yNDggMC4yMDItMC40NSAwLjQ1LTAuNDVoMjguOTU5ek0zOC40OCA4aC0yOC45NTljLTAuODQgMC0xLjUyIDAuNjgxLTEuNTIgMS41MjF2MjguOTU5YzAgMC44NCAwLjY4MSAxLjUyMSAxLjUyIDEuNTIxaDI4Ljk1OWMwLjg0IDAgMS41Mi0wLjY4MSAxLjUyLTEuNTIxdi0yOC45NTljMC0wLjg0LTAuNjgxLTEuNTIxLTEuNTItMS41MjF2MHoiIG9wYWNpdHk9IjEiIHZpc2liaWxpdHk9ImZhbHNlIiBmaWxsPSIjZDdkN2Q3Ij48L3BhdGg+Cgk8cGF0aCBkPSJNMTIuMjI4IDM1LjIyNHYtMy4zMjljMC0wLjE0NSAwLjA1OC0wLjI4NSAwLjE2LTAuMzg4bDUuNTg3LTUuNTg3YzAuMjE0LTAuMjE0IDAuNTYxLTAuMjE0IDAuNzc1IDBsMi4xMTkgMi4xMTljMC4yMTQgMC4yMTQgMC41NjEgMC4yMTQgMC43NzUgMGw4LjE5MS04LjE5MmMwLjIxNC0wLjIxNCAwLjU2MS0wLjIxNCAwLjc3NSAwbDUgNWMwLjEwMyAwLjEwMyAwLjE2IDAuMjQyIDAuMTYgMC4zODh2OS45ODhjMCAwLjMwMy0wLjI0NSAwLjU0OC0wLjU0OCAwLjU0OGgtMjIuNDQ3Yy0wLjMwMyAwLTAuNTQ4LTAuMjQ1LTAuNTQ4LTAuNTQ4eiIgb3BhY2l0eT0iMSIgdmlzaWJpbGl0eT0iZmFsc2UiIGZpbGw9IiNkN2Q3ZDciPjwvcGF0aD4KCTxwYXRoIGQ9Ik0yMS41NDQgMTcuOTY3YzAgMS45ODItMS42MDYgMy41ODgtMy41ODggMy41ODhzLTMuNTg4LTEuNjA2LTMuNTg4LTMuNTg4YzAtMS45ODEgMS42MDYtMy41ODggMy41ODgtMy41ODhzMy41ODggMS42MDYgMy41ODggMy41ODh6IiBvcGFjaXR5PSIxIiB2aXNpYmlsaXR5PSJmYWxzZSIgZmlsbD0iI2Q3ZDdkNyI+PC9wYXRoPgo8L3N2Zz4K" alt="Nature's Promise Organic Basil Leaves" skeleton-box-size="9rem" class="product-grid-image object-contain"></div></div> <div class="mobile-product-list-cell_info"><div class="product-tile_detail"><div class="skeleton-loader_wrapper cursor-pointer"><div class="product-grid-cell_price-container product-grid-cell_price-container--mobile"><span class="product-grid-cell_main-price"><!---->
    $1.99
  </span> <!----></div> <!----></div> <!----></div> <div class="mobile-product-list-cell_name-content"><div class="skeleton-loader_wrapper"><div class="product-grid-cell_name"><a id="product-name-269598-16760862939096273" href="#" data-opens-modal="true" aria-haspopup="dialog" class="product-grid-cell_name-text product-grid-cell_name-text--clamp-2"><span class="vector-icon_inline-text--left mr-0"><div class="vector-icon-size--xsmall"><svg xmlns="http://www.w3.org/2000/svg" aria-label="Ahold Icon" viewBox="0 0 1024 945" role="presentation" aria-hidden="true" focusable="false" class=""><title lang="en">Ahold Icon</title><desc></desc><g fill="" stroke=""><g><path d="M1.893 730.617c-1.289-2.094-2.052-4.631-2.052-7.346 0-.747.058-1.481.169-2.197.158-12.396 10.227-22.466 22.687-22.634h895.306c12.476.168 22.545 10.237 22.713 22.698-.521 3.721-1.182 6.924-2.024 10.053l.131-.574c-86.363 175.072-263.598 293.385-468.466 293.385S88.254 905.689 3.252 733.663l-1.361-3.046z" fill="#F7A800" class="path1"></path> <path d="M107.889 132.495c1.893-1.893 1.893-3.786 3.786-5.678 2.98-3.491 7.385-5.69 12.303-5.69s9.323 2.199 12.284 5.668l.019.022L613.264 603.8c3.491 2.98 5.69 7.385 5.69 12.303s-2.199 9.323-5.668 12.284c-1.399 1.869-3.361 3.216-5.631 3.789l-.069.015c-38.446 13.732-82.796 21.669-129.001 21.669-108.416 0-206.626-43.699-277.977-114.443C130.241 467.591 86.799 369.1 86.799 260.462c0-45.803 7.722-89.803 21.936-130.767l-.845 2.8z" fill="#E2231A" class="path2"></path> <path d="M600.015 1.893a6.922 6.922 0 0 1 5.713-1.889c.057-.006.164-.007.272-.007 7.15 0 12.947 5.796 12.947 12.947 0 .108-.001.215-.004.322v-.016 503.482c.002.091.004.199.004.306 0 7.15-5.796 12.947-12.947 12.947-.108 0-.215-.001-.322-.004a6.925 6.925 0 0 1-5.665-1.895l.002.002c-98.273-48.542-164.673-148.065-164.673-263.098S501.743 50.434 598.306 2.657l1.709-.765z" fill="#712177" class="path3"></path> <path d="M938.824 283.919c1.893 0 1.893 1.893 3.786 1.893 1.765 2.012 2.841 4.666 2.841 7.571s-1.077 5.559-2.853 7.584l.011-.013-268.776 266.884c-2.012 1.765-4.666 2.841-7.571 2.841s-5.559-1.077-7.584-2.853a3.774 3.774 0 0 1-1.877-3.793l-.002.019c-7.681-21.529-12.12-46.363-12.12-72.235 0-61.263 24.891-116.712 65.111-156.786 39.326-39.792 93.895-64.431 154.219-64.431 26.857 0 52.573 4.884 76.309 13.812l-1.494-.493z" fill="#82BC00" class="path4"></path></g></g></svg></div></span>
    Nature's Promise Organic Basil Leaves
  </a></div> <!----> <!----></div> <div class="skeleton-loader_wrapper"><div class="product-grid-cell_sizes"><span class="product-grid-cell_size">
    0.50 OZ PKG
  </span> <span aria-hidden="true">
    |
  </span> <!----> <span class="product-grid-cell_unit">
    $3.98 / OZ
  </span></div> <!----></div> <!----> <!----> <!----> <!----> <!----> <!----> <!----></div> <div class="mobile-product-list-cell_bottom"><div class="mobile-product-list-cell_bottom_cart-ui-wrapper"><!----> <!----> <div class="pdl-add-to-cart"><div class="pdl-add-to-cart_button"><button aria-label="Add to cart" data-product-id="269598" data-price="1.99" class="button button--add-to-cart">
      Add to cart
      <!----></button> <!----> <!----> <!----></div> <!----></div></div> <!----></div></div></div> <div class="product-tile_action-items"><!----> <!----> <div class="shopping-list-menu_container"><div class="relative-el"><button aria-label="add to shopping list" class="button pdl-product-detail_top-icon button--fourth pdl-product-detail_top-icon--borderless"><!----> <div class="vector-icon-size--large"><svg xmlns="http://www.w3.org/2000/svg" aria-label="Shopping List Icon Add" viewBox="0 0 32 32" role="presentation" aria-hidden="true" focusable="false" class="vector-icon-color--dark-grey"><title lang="en">Shopping List Icon Add</title><desc></desc><g fill="" stroke=""><g><path d="M21.94066,15.3368884 L21.94066,12.8931995 C21.94066,12.3409148 22.3883752,11.8931995 22.94066,11.8931995 C23.4929447,11.8931995 23.94066,12.3409148 23.94066,12.8931995 L23.94066,15.3368884 L26.2522624,15.3368884 C26.8045471,15.3368884 27.2522624,15.7846037 27.2522624,16.3368884 C27.2522624,16.8891732 26.8045471,17.3368884 26.2522624,17.3368884 L23.94066,17.3368884 L23.94066,19.8787952 C23.94066,20.43108 23.4929447,20.8787952 22.94066,20.8787952 C22.3883752,20.8787952 21.94066,20.43108 21.94066,19.8787952 L21.94066,17.3368884 L19.2666667,17.3368884 C18.7143819,17.3368884 18.2666667,16.8891732 18.2666667,16.3368884 C18.2666667,15.7846037 18.7143819,15.3368884 19.2666667,15.3368884 L21.94066,15.3368884 Z M8,12 C7.44771525,12 7,11.5522847 7,11 C7,10.4477153 7.44771525,10 8,10 L19.1153581,10 C19.6676429,10 20.1153581,10.4477153 20.1153581,11 C20.1153581,11.5522847 19.6676429,12 19.1153581,12 L8,12 Z M8,17.3368884 C7.44771525,17.3368884 7,16.8891732 7,16.3368884 C7,15.7846037 7.44771525,15.3368884 8,15.3368884 L14.7200696,15.3368884 C15.2723543,15.3368884 15.7200696,15.7846037 15.7200696,16.3368884 C15.7200696,16.8891732 15.2723543,17.3368884 14.7200696,17.3368884 L8,17.3368884 Z M8,23 C7.44771525,23 7,22.5522847 7,22 C7,21.4477153 7.44771525,21 8,21 L19.1153581,21 C19.6676429,21 20.1153581,21.4477153 20.1153581,22 C20.1153581,22.5522847 19.6676429,23 19.1153581,23 L8,23 Z" fill="#000000" fill-rule="nonzero"></path></g></g></svg></div> <div class="pdl-product-detail_list-tooltip"><p>Add item to shopping list</p> <em></em></div></button></div></div></div> <!----></li> <!----><!----> <!----> <!----> <!----> <li tabindex="-1" data-product-id="217697" class="slot mobile-product-list-cell"><!----> <!----> <!----> <!----> <div class="mobile-product-list-cell_content"><div><!----> <div class="flag_outer-container"><!----> <!----> <!----> <!----></div></div> <div class="mobile-product-list-cell_left"><div><!----> <img src="data:image/svg+xml;base64,PD94bWwgdmVyc2lvbj0iMS4wIiBlbmNvZGluZz0idXRmLTgiPz4KPCEtLSBHZW5lcmF0ZWQgYnkgSWNvTW9vbi5pbyAtLT4KPCFET0NUWVBFIHN2ZyBQVUJMSUMgIi0vL1czQy8vRFREIFNWRyAxLjEvL0VOIiAiaHR0cDovL3d3dy53My5vcmcvR3JhcGhpY3MvU1ZHLzEuMS9EVEQvc3ZnMTEuZHRkIj4KPHN2ZyB2ZXJzaW9uPSIxLjEiIHhtbG5zPSJodHRwOi8vd3d3LnczLm9yZy8yMDAwL3N2ZyIgeG1sbnM6eGxpbms9Imh0dHA6Ly93d3cudzMub3JnLzE5OTkveGxpbmsiIHdpZHRoPSI0OCIgaGVpZ2h0PSI0OCIgdmlld0JveD0iMCAwIDQ4IDQ4Ij4KPGcgaWQ9Imljb21vb24taWdub3JlIj4KCTxsaW5lIHN0cm9rZS13aWR0aD0iMSIgeDE9IiIgeTE9IiIgeDI9IiIgeTI9IiIgc3Ryb2tlPSIjNDQ5RkRCIiBvcGFjaXR5PSIiPjwvbGluZT4KPC9nPgoJPHBhdGggZD0iTTM4LjQ4IDkuMDcwYzAuMjQ4IDAgMC40NSAwLjIwMiAwLjQ1IDAuNDV2MjguOTU5YzAgMC4yNDgtMC4yMDIgMC40NS0wLjQ1IDAuNDVoLTI4Ljk1OWMtMC4yNDggMC0wLjQ1LTAuMjAyLTAuNDUtMC40NXYtMjguOTU5YzAtMC4yNDggMC4yMDItMC40NSAwLjQ1LTAuNDVoMjguOTU5ek0zOC40OCA4aC0yOC45NTljLTAuODQgMC0xLjUyIDAuNjgxLTEuNTIgMS41MjF2MjguOTU5YzAgMC44NCAwLjY4MSAxLjUyMSAxLjUyIDEuNTIxaDI4Ljk1OWMwLjg0IDAgMS41Mi0wLjY4MSAxLjUyLTEuNTIxdi0yOC45NTljMC0wLjg0LTAuNjgxLTEuNTIxLTEuNTItMS41MjF2MHoiIG9wYWNpdHk9IjEiIHZpc2liaWxpdHk9ImZhbHNlIiBmaWxsPSIjZDdkN2Q3Ij48L3BhdGg+Cgk8cGF0aCBkPSJNMTIuMjI4IDM1LjIyNHYtMy4zMjljMC0wLjE0NSAwLjA1OC0wLjI4NSAwLjE2LTAuMzg4bDUuNTg3LTUuNTg3YzAuMjE0LTAuMjE0IDAuNTYxLTAuMjE0IDAuNzc1IDBsMi4xMTkgMi4xMTljMC4yMTQgMC4yMTQgMC41NjEgMC4yMTQgMC43NzUgMGw4LjE5MS04LjE5MmMwLjIxNC0wLjIxNCAwLjU2MS0wLjIxNCAwLjc3NSAwbDUgNWMwLjEwMyAwLjEwMyAwLjE2IDAuMjQyIDAuMTYgMC4zODh2OS45ODhjMCAwLjMwMy0wLjI0NSAwLjU0OC0wLjU0OCAwLjU0OGgtMjIuNDQ3Yy0wLjMwMyAwLTAuNTQ4LTAuMjQ1LTAuNTQ4LTAuNTQ4eiIgb3BhY2l0eT0iMSIgdmlzaWJpbGl0eT0iZmFsc2UiIGZpbGw9IiNkN2Q3ZDciPjwvcGF0aD4KCTxwYXRoIGQ9Ik0yMS41NDQgMTcuOTY3YzAgMS45ODItMS42MDYgMy41ODgtMy41ODggMy41ODhzLTMuNTg4LTEuNjA2LTMuNTg4LTMuNTg4YzAtMS45ODEgMS42MDYtMy41ODggMy41ODgtMy41ODhzMy41ODggMS42MDYgMy41ODggMy41ODh6IiBvcGFjaXR5PSIxIiB2aXNpYmlsaXR5PSJmYWxzZSIgZmlsbD0iI2Q3ZDdkNyI+PC9wYXRoPgo8L3N2Zz4K" alt="Plantain Green (Platano)" skeleton-box-size="9rem" class="product-grid-image object-contain"></div></div> <div class="mobile-product-list-cell_info"><div class="product-tile_detail"><div class="skeleton-loader_wrapper cursor-pointer"><div class="product-grid-cell_price-container product-grid-cell_price-container--mobile"><span class="product-grid-cell_main-price"><!---->
    $0.66
  </span> <!----></div> <!----></div> <!----></div> <div class="mobile-product-list-cell_name-content"><div class="skeleton-loader_wrapper"><div class="product-grid-cell_name"><a id="product-name-217697-16760862939125025" href="#" data-opens-modal="true" aria-haspopup="dialog" class="product-grid-cell_name-text product-grid-cell_name-text--clamp-2"><!---->
    Plantain Green (Platano)
  </a></div> <!----> <!----></div> <div class="skeleton-loader_wrapper"><div class="product-grid-cell_sizes"><span class="product-grid-cell_size">
    1 EA
  </span> <span aria-hidden="true">
    |
  </span> <!----> <span class="product-grid-cell_unit">
    $0.66 / EA
  </span></div> <!----></div> <!----> <!----> <!----> <!----> <!----> <!----> <!----></div> <div class="mobile-product-list-cell_bottom"><div class="mobile-product-list-cell_bottom_cart-ui-wrapper"><!----> <!----> <div class="pdl-add-to-cart"><div class="pdl-add-to-cart_button"><button aria-label="Add to cart" data-product-id="217697" data-price="0.66" class="button button--add-to-cart">
      Add to cart
      <!----></button> <!----> <!----> <!----></div> <!----></div></div> <!----></div></div></div> <div class="product-tile_action-items"><!----> <!----> <div class="shopping-list-menu_container"><div class="relative-el"><button aria-label="add to shopping list" class="button pdl-product-detail_top-icon button--fourth pdl-product-detail_top-icon--borderless"><!----> <div class="vector-icon-size--large"><svg xmlns="http://www.w3.org/2000/svg" aria-label="Shopping List Icon Add" viewBox="0 0 32 32" role="presentation" aria-hidden="true" focusable="false" class="vector-icon-color--dark-grey"><title lang="en">Shopping List Icon Add</title><desc></desc><g fill="" stroke=""><g><path d="M21.94066,15.3368884 L21.94066,12.8931995 C21.94066,12.3409148 22.3883752,11.8931995 22.94066,11.8931995 C23.4929447,11.8931995 23.94066,12.3409148 23.94066,12.8931995 L23.94066,15.3368884 L26.2522624,15.3368884 C26.8045471,15.3368884 27.2522624,15.7846037 27.2522624,16.3368884 C27.2522624,16.8891732 26.8045471,17.3368884 26.2522624,17.3368884 L23.94066,17.3368884 L23.94066,19.8787952 C23.94066,20.43108 23.4929447,20.8787952 22.94066,20.8787952 C22.3883752,20.8787952 21.94066,20.43108 21.94066,19.8787952 L21.94066,17.3368884 L19.2666667,17.3368884 C18.7143819,17.3368884 18.2666667,16.8891732 18.2666667,16.3368884 C18.2666667,15.7846037 18.7143819,15.3368884 19.2666667,15.3368884 L21.94066,15.3368884 Z M8,12 C7.44771525,12 7,11.5522847 7,11 C7,10.4477153 7.44771525,10 8,10 L19.1153581,10 C19.6676429,10 20.1153581,10.4477153 20.1153581,11 C20.1153581,11.5522847 19.6676429,12 19.1153581,12 L8,12 Z M8,17.3368884 C7.44771525,17.3368884 7,16.8891732 7,16.3368884 C7,15.7846037 7.44771525,15.3368884 8,15.3368884 L14.7200696,15.3368884 C15.2723543,15.3368884 15.7200696,15.7846037 15.7200696,16.3368884 C15.7200696,16.8891732 15.2723543,17.3368884 14.7200696,17.3368884 L8,17.3368884 Z M8,23 C7.44771525,23 7,22.5522847 7,22 C7,21.4477153 7.44771525,21 8,21 L19.1153581,21 C19.6676429,21 20.1153581,21.4477153 20.1153581,22 C20.1153581,22.5522847 19.6676429,23 19.1153581,23 L8,23 Z" fill="#000000" fill-rule="nonzero"></path></g></g></svg></div> <div class="pdl-product-detail_list-tooltip"><p>Add item to shopping list</p> <em></em></div></button></div></div></div> <!----></li> <!----><!----> <!----> <!----> <!----> <li tabindex="-1" data-product-id="8656" class="slot mobile-product-list-cell"><!----> <!----> <!----> <!----> <div class="mobile-product-list-cell_content"><div><!----> <div class="flag_outer-container"><div class=""><svg xmlns="http://www.w3.org/2000/svg" aria-label="Sale" viewBox="0 0 32 32" role="presentation" aria-hidden="true" focusable="false" class="w-20 ml-3"><title lang="en">Sale</title><desc></desc><g fill="" stroke=""><g><path d="M16.56 19.87a3.81 3.81 0 0 1-1-.13l-13.39-3.5a1.5 1.5 0 0 1-1.12-1.34l-.81-11a1.52 1.52 0 0 1 1.39-1.61l27.69-2h.11a1.51 1.51 0 0 1 1.5 1.4l.82 11a1.52 1.52 0 0 1-.91 1.5l-12.72 5.36a3.79 3.79 0 0 1-1.56.32Z" fill="#ed1256"></path><path fill="#fff" d="M29.43.48a1.26 1.26 0 0 1 1.26 1.17l.82 11a1.27 1.27 0 0 1-.76 1.26L18 19.34a3.72 3.72 0 0 1-1.47.3 3.79 3.79 0 0 1-.94-.12L2.24 16a1.27 1.27 0 0 1-1-1.13l-.81-11a1.26 1.26 0 0 1 1.22-1.33L29.34.48h.09m0-.48h-.13L1.62 2A1.76 1.76 0 0 0 0 3.92l.82 11a1.73 1.73 0 0 0 1.3 1.55L15.5 20a4.3 4.3 0 0 0 1.07.14 4.24 4.24 0 0 0 1.65-.34l12.72-5.44A1.76 1.76 0 0 0 32 12.59l-.82-11A1.76 1.76 0 0 0 29.43 0Z"></path><path fill="#fff" d="M3.74 9.87a3 3 0 0 0 .82.55 2.21 2.21 0 0 0 1.08.19 1.6 1.6 0 0 0 .29 0 1 1 0 0 0 .26-.12.58.58 0 0 0 .18-.2.62.62 0 0 0 0-.31.59.59 0 0 0-.32-.49 3.38 3.38 0 0 0-.85-.34L4.84 9a4.19 4.19 0 0 1-.69-.26 2.44 2.44 0 0 1-.63-.41 1.92 1.92 0 0 1-.7-1.42 2.68 2.68 0 0 1 .1-1A2.2 2.2 0 0 1 3.39 5a2.42 2.42 0 0 1 .82-.6 3.15 3.15 0 0 1 1.17-.28 3.68 3.68 0 0 1 1.72.24 3 3 0 0 1 .57.29A2.66 2.66 0 0 1 8 5l-.82 1.37a4.42 4.42 0 0 0-.82-.45 2 2 0 0 0-.85-.13 1.4 1.4 0 0 0-.28.06A.9.9 0 0 0 5 6a.62.62 0 0 0-.16.2.5.5 0 0 0 0 .28.6.6 0 0 0 .1.31.68.68 0 0 0 .24.2 1.27 1.27 0 0 0 .35.15l.43.13.35.09a7.49 7.49 0 0 1 .69.22 2.2 2.2 0 0 1 .72.42 2.46 2.46 0 0 1 .54.68 2.31 2.31 0 0 1 .27 1 2.15 2.15 0 0 1-.15 1 2.53 2.53 0 0 1-.56.84 2.77 2.77 0 0 1-.88.59 4 4 0 0 1-1.11.27A4.67 4.67 0 0 1 4 12.25a3.79 3.79 0 0 1-1.28-.75ZM11.29 3.89l2.17-.16 3.1 7.7-2 .15L14 10l-2.39.18-.35 1.67-2 .14Zm2.15 4.6-1-2.84-.61 2.95ZM17 3.47l1.89-.14.44 6 3.3-.25.16 1.92-5.19.39ZM23.36 3l5.13-.38.13 1.8-3.24.24.09 1.22 2.66-.2.12 1.7-2.65.2.09 1.35 3.46-.26.13 1.81-5.34.4Z"></path></g></g></svg></div> <!----> <!----> <!----></div></div> <div class="mobile-product-list-cell_left"><div><!----> <img src="data:image/svg+xml;base64,PD94bWwgdmVyc2lvbj0iMS4wIiBlbmNvZGluZz0idXRmLTgiPz4KPCEtLSBHZW5lcmF0ZWQgYnkgSWNvTW9vbi5pbyAtLT4KPCFET0NUWVBFIHN2ZyBQVUJMSUMgIi0vL1czQy8vRFREIFNWRyAxLjEvL0VOIiAiaHR0cDovL3d3dy53My5vcmcvR3JhcGhpY3MvU1ZHLzEuMS9EVEQvc3ZnMTEuZHRkIj4KPHN2ZyB2ZXJzaW9uPSIxLjEiIHhtbG5zPSJodHRwOi8vd3d3LnczLm9yZy8yMDAwL3N2ZyIgeG1sbnM6eGxpbms9Imh0dHA6Ly93d3cudzMub3JnLzE5OTkveGxpbmsiIHdpZHRoPSI0OCIgaGVpZ2h0PSI0OCIgdmlld0JveD0iMCAwIDQ4IDQ4Ij4KPGcgaWQ9Imljb21vb24taWdub3JlIj4KCTxsaW5lIHN0cm9rZS13aWR0aD0iMSIgeDE9IiIgeTE9IiIgeDI9IiIgeTI9IiIgc3Ryb2tlPSIjNDQ5RkRCIiBvcGFjaXR5PSIiPjwvbGluZT4KPC9nPgoJPHBhdGggZD0iTTM4LjQ4IDkuMDcwYzAuMjQ4IDAgMC40NSAwLjIwMiAwLjQ1IDAuNDV2MjguOTU5YzAgMC4yNDgtMC4yMDIgMC40NS0wLjQ1IDAuNDVoLTI4Ljk1OWMtMC4yNDggMC0wLjQ1LTAuMjAyLTAuNDUtMC40NXYtMjguOTU5YzAtMC4yNDggMC4yMDItMC40NSAwLjQ1LTAuNDVoMjguOTU5ek0zOC40OCA4aC0yOC45NTljLTAuODQgMC0xLjUyIDAuNjgxLTEuNTIgMS41MjF2MjguOTU5YzAgMC44NCAwLjY4MSAxLjUyMSAxLjUyIDEuNTIxaDI4Ljk1OWMwLjg0IDAgMS41Mi0wLjY4MSAxLjUyLTEuNTIxdi0yOC45NTljMC0wLjg0LTAuNjgxLTEuNTIxLTEuNTItMS41MjF2MHoiIG9wYWNpdHk9IjEiIHZpc2liaWxpdHk9ImZhbHNlIiBmaWxsPSIjZDdkN2Q3Ij48L3BhdGg+Cgk8cGF0aCBkPSJNMTIuMjI4IDM1LjIyNHYtMy4zMjljMC0wLjE0NSAwLjA1OC0wLjI4NSAwLjE2LTAuMzg4bDUuNTg3LTUuNTg3YzAuMjE0LTAuMjE0IDAuNTYxLTAuMjE0IDAuNzc1IDBsMi4xMTkgMi4xMTljMC4yMTQgMC4yMTQgMC41NjEgMC4yMTQgMC43NzUgMGw4LjE5MS04LjE5MmMwLjIxNC0wLjIxNCAwLjU2MS0wLjIxNCAwLjc3NSAwbDUgNWMwLjEwMyAwLjEwMyAwLjE2IDAuMjQyIDAuMTYgMC4zODh2OS45ODhjMCAwLjMwMy0wLjI0NSAwLjU0OC0wLjU0OCAwLjU0OGgtMjIuNDQ3Yy0wLjMwMyAwLTAuNTQ4LTAuMjQ1LTAuNTQ4LTAuNTQ4eiIgb3BhY2l0eT0iMSIgdmlzaWJpbGl0eT0iZmFsc2UiIGZpbGw9IiNkN2Q3ZDciPjwvcGF0aD4KCTxwYXRoIGQ9Ik0yMS41NDQgMTcuOTY3YzAgMS45ODItMS42MDYgMy41ODgtMy41ODggMy41ODhzLTMuNTg4LTEuNjA2LTMuNTg4LTMuNTg4YzAtMS45ODEgMS42MDYtMy41ODggMy41ODgtMy41ODhzMy41ODggMS42MDYgMy41ODggMy41ODh6IiBvcGFjaXR5PSIxIiB2aXNpYmlsaXR5PSJmYWxzZSIgZmlsbD0iI2Q3ZDdkNyI+PC9wYXRoPgo8L3N2Zz4K" alt="Near East Rice Pilaf Mix Original" skeleton-box-size="9rem" class="product-grid-image object-contain"></div></div> <div class="mobile-product-list-cell_info"><div class="product-tile_detail"><div class="skeleton-loader_wrapper cursor-pointer"><div class="product-grid-cell_price-container product-grid-cell_price-container_column product-grid-cell_price-container--mobile"><span class="product-grid-cell_main-price product-grid-cell_main-price--on-sale"><span class="sr-only">
      Sale Price
    </span>
    $1.25
  </span> <div class="product-grid-cell_was-container"><span class="product-grid-cell_regular-price product-grid-cell_regular-price--small"><span class="sr-only">
        Original Price
      </span>
      $2.49
    </span></div></div> <!----></div> <!----></div> <div class="mobile-product-list-cell_name-content"><div class="skeleton-loader_wrapper"><div class="product-grid-cell_name"><a id="product-name-8656-16760862934814109" href="#" data-opens-modal="true" aria-haspopup="dialog" class="product-grid-cell_name-text product-grid-cell_name-text--clamp-2"><!---->
    Near East Rice Pilaf Mix Original
  </a></div> <!----> <!----></div> <div class="skeleton-loader_wrapper"><div class="product-grid-cell_sizes"><span class="product-grid-cell_size">
    6.09 OZ BOX
  </span> <span aria-hidden="true">
    |
  </span> <!----> <span class="product-grid-cell_unit">
    $0.21 / OZ
  </span></div> <!----></div> <!----> <!----> <!----> <!----> <!----> <!----> <!----></div> <div class="mobile-product-list-cell_bottom"><div class="mobile-product-list-cell_bottom_cart-ui-wrapper"><!----> <!----> <div class="pdl-add-to-cart"><div class="pdl-add-to-cart_button"><button aria-label="Add to cart" data-product-id="8656" data-price="1.25" class="button button--add-to-cart add-sale">
      Add to cart
      <!----></button> <!----> <!----> <!----></div> <!----></div></div> <!----></div></div></div> <div class="product-tile_action-items"><!----> <!----> <div class="shopping-list-menu_container"><div class="relative-el"><button aria-label="add to shopping list" class="button pdl-product-detail_top-icon button--fourth pdl-product-detail_top-icon--borderless"><!----> <div class="vector-icon-size--large"><svg xmlns="http://www.w3.org/2000/svg" aria-label="Shopping List Icon Add" viewBox="0 0 32 32" role="presentation" aria-hidden="true" focusable="false" class="vector-icon-color--dark-grey"><title lang="en">Shopping List Icon Add</title><desc></desc><g fill="" stroke=""><g><path d="M21.94066,15.3368884 L21.94066,12.8931995 C21.94066,12.3409148 22.3883752,11.8931995 22.94066,11.8931995 C23.4929447,11.8931995 23.94066,12.3409148 23.94066,12.8931995 L23.94066,15.3368884 L26.2522624,15.3368884 C26.8045471,15.3368884 27.2522624,15.7846037 27.2522624,16.3368884 C27.2522624,16.8891732 26.8045471,17.3368884 26.2522624,17.3368884 L23.94066,17.3368884 L23.94066,19.8787952 C23.94066,20.43108 23.4929447,20.8787952 22.94066,20.8787952 C22.3883752,20.8787952 21.94066,20.43108 21.94066,19.8787952 L21.94066,17.3368884 L19.2666667,17.3368884 C18.7143819,17.3368884 18.2666667,16.8891732 18.2666667,16.3368884 C18.2666667,15.7846037 18.7143819,15.3368884 19.2666667,15.3368884 L21.94066,15.3368884 Z M8,12 C7.44771525,12 7,11.5522847 7,11 C7,10.4477153 7.44771525,10 8,10 L19.1153581,10 C19.6676429,10 20.1153581,10.4477153 20.1153581,11 C20.1153581,11.5522847 19.6676429,12 19.1153581,12 L8,12 Z M8,17.3368884 C7.44771525,17.3368884 7,16.8891732 7,16.3368884 C7,15.7846037 7.44771525,15.3368884 8,15.3368884 L14.7200696,15.3368884 C15.2723543,15.3368884 15.7200696,15.7846037 15.7200696,16.3368884 C15.7200696,16.8891732 15.2723543,17.3368884 14.7200696,17.3368884 L8,17.3368884 Z M8,23 C7.44771525,23 7,22.5522847 7,22 C7,21.4477153 7.44771525,21 8,21 L19.1153581,21 C19.6676429,21 20.1153581,21.4477153 20.1153581,22 C20.1153581,22.5522847 19.6676429,23 19.1153581,23 L8,23 Z" fill="#000000" fill-rule="nonzero"></path></g></g></svg></div> <div class="pdl-product-detail_list-tooltip"><p>Add item to shopping list</p> <em></em></div></button></div></div></div> <!----></li> <!----><!----> <!----> <!----> <!----> <li tabindex="-1" data-product-id="8728" class="slot mobile-product-list-cell"><!----> <!----> <!----> <!----> <div class="mobile-product-list-cell_content"><div><!----> <div class="flag_outer-container"><!----> <!----> <!----> <!----></div></div> <div class="mobile-product-list-cell_left"><div><!----> <img src="data:image/svg+xml;base64,PD94bWwgdmVyc2lvbj0iMS4wIiBlbmNvZGluZz0idXRmLTgiPz4KPCEtLSBHZW5lcmF0ZWQgYnkgSWNvTW9vbi5pbyAtLT4KPCFET0NUWVBFIHN2ZyBQVUJMSUMgIi0vL1czQy8vRFREIFNWRyAxLjEvL0VOIiAiaHR0cDovL3d3dy53My5vcmcvR3JhcGhpY3MvU1ZHLzEuMS9EVEQvc3ZnMTEuZHRkIj4KPHN2ZyB2ZXJzaW9uPSIxLjEiIHhtbG5zPSJodHRwOi8vd3d3LnczLm9yZy8yMDAwL3N2ZyIgeG1sbnM6eGxpbms9Imh0dHA6Ly93d3cudzMub3JnLzE5OTkveGxpbmsiIHdpZHRoPSI0OCIgaGVpZ2h0PSI0OCIgdmlld0JveD0iMCAwIDQ4IDQ4Ij4KPGcgaWQ9Imljb21vb24taWdub3JlIj4KCTxsaW5lIHN0cm9rZS13aWR0aD0iMSIgeDE9IiIgeTE9IiIgeDI9IiIgeTI9IiIgc3Ryb2tlPSIjNDQ5RkRCIiBvcGFjaXR5PSIiPjwvbGluZT4KPC9nPgoJPHBhdGggZD0iTTM4LjQ4IDkuMDcwYzAuMjQ4IDAgMC40NSAwLjIwMiAwLjQ1IDAuNDV2MjguOTU5YzAgMC4yNDgtMC4yMDIgMC40NS0wLjQ1IDAuNDVoLTI4Ljk1OWMtMC4yNDggMC0wLjQ1LTAuMjAyLTAuNDUtMC40NXYtMjguOTU5YzAtMC4yNDggMC4yMDItMC40NSAwLjQ1LTAuNDVoMjguOTU5ek0zOC40OCA4aC0yOC45NTljLTAuODQgMC0xLjUyIDAuNjgxLTEuNTIgMS41MjF2MjguOTU5YzAgMC44NCAwLjY4MSAxLjUyMSAxLjUyIDEuNTIxaDI4Ljk1OWMwLjg0IDAgMS41Mi0wLjY4MSAxLjUyLTEuNTIxdi0yOC45NTljMC0wLjg0LTAuNjgxLTEuNTIxLTEuNTItMS41MjF2MHoiIG9wYWNpdHk9IjEiIHZpc2liaWxpdHk9ImZhbHNlIiBmaWxsPSIjZDdkN2Q3Ij48L3BhdGg+Cgk8cGF0aCBkPSJNMTIuMjI4IDM1LjIyNHYtMy4zMjljMC0wLjE0NSAwLjA1OC0wLjI4NSAwLjE2LTAuMzg4bDUuNTg3LTUuNTg3YzAuMjE0LTAuMjE0IDAuNTYxLTAuMjE0IDAuNzc1IDBsMi4xMTkgMi4xMTljMC4yMTQgMC4yMTQgMC41NjEgMC4yMTQgMC43NzUgMGw4LjE5MS04LjE5MmMwLjIxNC0wLjIxNCAwLjU2MS0wLjIxNCAwLjc3NSAwbDUgNWMwLjEwMyAwLjEwMyAwLjE2IDAuMjQyIDAuMTYgMC4zODh2OS45ODhjMCAwLjMwMy0wLjI0NSAwLjU0OC0wLjU0OCAwLjU0OGgtMjIuNDQ3Yy0wLjMwMyAwLTAuNTQ4LTAuMjQ1LTAuNTQ4LTAuNTQ4eiIgb3BhY2l0eT0iMSIgdmlzaWJpbGl0eT0iZmFsc2UiIGZpbGw9IiNkN2Q3ZDciPjwvcGF0aD4KCTxwYXRoIGQ9Ik0yMS41NDQgMTcuOTY3YzAgMS45ODItMS42MDYgMy41ODgtMy41ODggMy41ODhzLTMuNTg4LTEuNjA2LTMuNTg4LTMuNTg4YzAtMS45ODEgMS42MDYtMy41ODggMy41ODgtMy41ODhzMy41ODggMS42MDYgMy41ODggMy41ODh6IiBvcGFjaXR5PSIxIiB2aXNpYmlsaXR5PSJmYWxzZSIgZmlsbD0iI2Q3ZDdkNyI+PC9wYXRoPgo8L3N2Zz4K" alt="Jiffy Muffin Mix Corn" skeleton-box-size="9rem" class="product-grid-image object-contain"></div></div> <div class="mobile-product-list-cell_info"><div class="product-tile_detail"><div class="skeleton-loader_wrapper cursor-pointer"><div class="product-grid-cell_price-container product-grid-cell_price-container--mobile"><span class="product-grid-cell_main-price"><!---->
    $0.89
  </span> <!----></div> <!----></div> <!----></div> <div class="mobile-product-list-cell_name-content"><div class="skeleton-loader_wrapper"><div class="product-grid-cell_name"><a id="product-name-8728-16760862670146056" href="#" data-opens-modal="true" aria-haspopup="dialog" class="product-grid-cell_name-text product-grid-cell_name-text--clamp-2"><!---->
    Jiffy Muffin Mix Corn
  </a></div> <!----> <!----></div> <div class="skeleton-loader_wrapper"><div class="product-grid-cell_sizes"><span class="product-grid-cell_size">
    8.5 OZ BOX
  </span> <span aria-hidden="true">
    |
  </span> <!----> <span class="product-grid-cell_unit">
    $0.10 / OZ
  </span></div> <!----></div> <!----> <!----> <!----> <!----> <!----> <!----> <!----></div> <div class="mobile-product-list-cell_bottom"><div class="mobile-product-list-cell_bottom_cart-ui-wrapper"><!----> <!----> <div class="pdl-add-to-cart"><div class="pdl-add-to-cart_button"><button aria-label="Add to cart" data-product-id="8728" data-price="0.89" class="button button--add-to-cart">
      Add to cart
      <!----></button> <!----> <!----> <!----></div> <!----></div></div> <!----></div></div></div> <div class="product-tile_action-items"><!----> <!----> <div class="shopping-list-menu_container"><div class="relative-el"><button aria-label="add to shopping list" class="button pdl-product-detail_top-icon button--fourth pdl-product-detail_top-icon--borderless"><!----> <div class="vector-icon-size--large"><svg xmlns="http://www.w3.org/2000/svg" aria-label="Shopping List Icon Add" viewBox="0 0 32 32" role="presentation" aria-hidden="true" focusable="false" class="vector-icon-color--dark-grey"><title lang="en">Shopping List Icon Add</title><desc></desc><g fill="" stroke=""><g><path d="M21.94066,15.3368884 L21.94066,12.8931995 C21.94066,12.3409148 22.3883752,11.8931995 22.94066,11.8931995 C23.4929447,11.8931995 23.94066,12.3409148 23.94066,12.8931995 L23.94066,15.3368884 L26.2522624,15.3368884 C26.8045471,15.3368884 27.2522624,15.7846037 27.2522624,16.3368884 C27.2522624,16.8891732 26.8045471,17.3368884 26.2522624,17.3368884 L23.94066,17.3368884 L23.94066,19.8787952 C23.94066,20.43108 23.4929447,20.8787952 22.94066,20.8787952 C22.3883752,20.8787952 21.94066,20.43108 21.94066,19.8787952 L21.94066,17.3368884 L19.2666667,17.3368884 C18.7143819,17.3368884 18.2666667,16.8891732 18.2666667,16.3368884 C18.2666667,15.7846037 18.7143819,15.3368884 19.2666667,15.3368884 L21.94066,15.3368884 Z M8,12 C7.44771525,12 7,11.5522847 7,11 C7,10.4477153 7.44771525,10 8,10 L19.1153581,10 C19.6676429,10 20.1153581,10.4477153 20.1153581,11 C20.1153581,11.5522847 19.6676429,12 19.1153581,12 L8,12 Z M8,17.3368884 C7.44771525,17.3368884 7,16.8891732 7,16.3368884 C7,15.7846037 7.44771525,15.3368884 8,15.3368884 L14.7200696,15.3368884 C15.2723543,15.3368884 15.7200696,15.7846037 15.7200696,16.3368884 C15.7200696,16.8891732 15.2723543,17.3368884 14.7200696,17.3368884 L8,17.3368884 Z M8,23 C7.44771525,23 7,22.5522847 7,22 C7,21.4477153 7.44771525,21 8,21 L19.1153581,21 C19.6676429,21 20.1153581,21.4477153 20.1153581,22 C20.1153581,22.5522847 19.6676429,23 19.1153581,23 L8,23 Z" fill="#000000" fill-rule="nonzero"></path></g></g></svg></div> <div class="pdl-product-detail_list-tooltip"><p>Add item to shopping list</p> <em></em></div></button></div></div></div> <!----></li> <!----><!----> <!----> <!----> <!----> <li tabindex="-1" data-product-id="200882" class="slot mobile-product-list-cell"><!----> <!----> <!----> <!----> <div class="mobile-product-list-cell_content"><div><!----> <div class="flag_outer-container"><!----> <!----> <!----> <!----></div></div> <div class="mobile-product-list-cell_left"><div><!----> <img src="data:image/svg+xml;base64,PD94bWwgdmVyc2lvbj0iMS4wIiBlbmNvZGluZz0idXRmLTgiPz4KPCEtLSBHZW5lcmF0ZWQgYnkgSWNvTW9vbi5pbyAtLT4KPCFET0NUWVBFIHN2ZyBQVUJMSUMgIi0vL1czQy8vRFREIFNWRyAxLjEvL0VOIiAiaHR0cDovL3d3dy53My5vcmcvR3JhcGhpY3MvU1ZHLzEuMS9EVEQvc3ZnMTEuZHRkIj4KPHN2ZyB2ZXJzaW9uPSIxLjEiIHhtbG5zPSJodHRwOi8vd3d3LnczLm9yZy8yMDAwL3N2ZyIgeG1sbnM6eGxpbms9Imh0dHA6Ly93d3cudzMub3JnLzE5OTkveGxpbmsiIHdpZHRoPSI0OCIgaGVpZ2h0PSI0OCIgdmlld0JveD0iMCAwIDQ4IDQ4Ij4KPGcgaWQ9Imljb21vb24taWdub3JlIj4KCTxsaW5lIHN0cm9rZS13aWR0aD0iMSIgeDE9IiIgeTE9IiIgeDI9IiIgeTI9IiIgc3Ryb2tlPSIjNDQ5RkRCIiBvcGFjaXR5PSIiPjwvbGluZT4KPC9nPgoJPHBhdGggZD0iTTM4LjQ4IDkuMDcwYzAuMjQ4IDAgMC40NSAwLjIwMiAwLjQ1IDAuNDV2MjguOTU5YzAgMC4yNDgtMC4yMDIgMC40NS0wLjQ1IDAuNDVoLTI4Ljk1OWMtMC4yNDggMC0wLjQ1LTAuMjAyLTAuNDUtMC40NXYtMjguOTU5YzAtMC4yNDggMC4yMDItMC40NSAwLjQ1LTAuNDVoMjguOTU5ek0zOC40OCA4aC0yOC45NTljLTAuODQgMC0xLjUyIDAuNjgxLTEuNTIgMS41MjF2MjguOTU5YzAgMC44NCAwLjY4MSAxLjUyMSAxLjUyIDEuNTIxaDI4Ljk1OWMwLjg0IDAgMS41Mi0wLjY4MSAxLjUyLTEuNTIxdi0yOC45NTljMC0wLjg0LTAuNjgxLTEuNTIxLTEuNTItMS41MjF2MHoiIG9wYWNpdHk9IjEiIHZpc2liaWxpdHk9ImZhbHNlIiBmaWxsPSIjZDdkN2Q3Ij48L3BhdGg+Cgk8cGF0aCBkPSJNMTIuMjI4IDM1LjIyNHYtMy4zMjljMC0wLjE0NSAwLjA1OC0wLjI4NSAwLjE2LTAuMzg4bDUuNTg3LTUuNTg3YzAuMjE0LTAuMjE0IDAuNTYxLTAuMjE0IDAuNzc1IDBsMi4xMTkgMi4xMTljMC4yMTQgMC4yMTQgMC41NjEgMC4yMTQgMC43NzUgMGw4LjE5MS04LjE5MmMwLjIxNC0wLjIxNCAwLjU2MS0wLjIxNCAwLjc3NSAwbDUgNWMwLjEwMyAwLjEwMyAwLjE2IDAuMjQyIDAuMTYgMC4zODh2OS45ODhjMCAwLjMwMy0wLjI0NSAwLjU0OC0wLjU0OCAwLjU0OGgtMjIuNDQ3Yy0wLjMwMyAwLTAuNTQ4LTAuMjQ1LTAuNTQ4LTAuNTQ4eiIgb3BhY2l0eT0iMSIgdmlzaWJpbGl0eT0iZmFsc2UiIGZpbGw9IiNkN2Q3ZDciPjwvcGF0aD4KCTxwYXRoIGQ9Ik0yMS41NDQgMTcuOTY3YzAgMS45ODItMS42MDYgMy41ODgtMy41ODggMy41ODhzLTMuNTg4LTEuNjA2LTMuNTg4LTMuNTg4YzAtMS45ODEgMS42MDYtMy41ODggMy41ODgtMy41ODhzMy41ODggMS42MDYgMy41ODggMy41ODh6IiBvcGFjaXR5PSIxIiB2aXNpYmlsaXR5PSJmYWxzZSIgZmlsbD0iI2Q3ZDdkNyI+PC9wYXRoPgo8L3N2Zz4K" alt="Stop &amp; Shop Greek Yogurt Plain Non Fat All Natural" skeleton-box-size="9rem" class="product-grid-image object-contain"></div></div> <div class="mobile-product-list-cell_info"><div class="product-tile_detail"><div class="skeleton-loader_wrapper cursor-pointer"><div class="product-grid-cell_price-container product-grid-cell_price-container--mobile"><span class="product-grid-cell_main-price"><!---->
    $4.49
  </span> <!----></div> <!----></div> <!----></div> <div class="mobile-product-list-cell_name-content"><div class="skeleton-loader_wrapper"><div class="product-grid-cell_name"><a id="product-name-200882-16760862670160526" href="#" data-opens-modal="true" aria-haspopup="dialog" class="product-grid-cell_name-text product-grid-cell_name-text--clamp-2"><span class="vector-icon_inline-text--left mr-0"><div class="vector-icon-size--xsmall"><svg xmlns="http://www.w3.org/2000/svg" aria-label="Ahold Icon" viewBox="0 0 1024 945" role="presentation" aria-hidden="true" focusable="false" class=""><title lang="en">Ahold Icon</title><desc></desc><g fill="" stroke=""><g><path d="M1.893 730.617c-1.289-2.094-2.052-4.631-2.052-7.346 0-.747.058-1.481.169-2.197.158-12.396 10.227-22.466 22.687-22.634h895.306c12.476.168 22.545 10.237 22.713 22.698-.521 3.721-1.182 6.924-2.024 10.053l.131-.574c-86.363 175.072-263.598 293.385-468.466 293.385S88.254 905.689 3.252 733.663l-1.361-3.046z" fill="#F7A800" class="path1"></path> <path d="M107.889 132.495c1.893-1.893 1.893-3.786 3.786-5.678 2.98-3.491 7.385-5.69 12.303-5.69s9.323 2.199 12.284 5.668l.019.022L613.264 603.8c3.491 2.98 5.69 7.385 5.69 12.303s-2.199 9.323-5.668 12.284c-1.399 1.869-3.361 3.216-5.631 3.789l-.069.015c-38.446 13.732-82.796 21.669-129.001 21.669-108.416 0-206.626-43.699-277.977-114.443C130.241 467.591 86.799 369.1 86.799 260.462c0-45.803 7.722-89.803 21.936-130.767l-.845 2.8z" fill="#E2231A" class="path2"></path> <path d="M600.015 1.893a6.922 6.922 0 0 1 5.713-1.889c.057-.006.164-.007.272-.007 7.15 0 12.947 5.796 12.947 12.947 0 .108-.001.215-.004.322v-.016 503.482c.002.091.004.199.004.306 0 7.15-5.796 12.947-12.947 12.947-.108 0-.215-.001-.322-.004a6.925 6.925 0 0 1-5.665-1.895l.002.002c-98.273-48.542-164.673-148.065-164.673-263.098S501.743 50.434 598.306 2.657l1.709-.765z" fill="#712177" class="path3"></path> <path d="M938.824 283.919c1.893 0 1.893 1.893 3.786 1.893 1.765 2.012 2.841 4.666 2.841 7.571s-1.077 5.559-2.853 7.584l.011-.013-268.776 266.884c-2.012 1.765-4.666 2.841-7.571 2.841s-5.559-1.077-7.584-2.853a3.774 3.774 0 0 1-1.877-3.793l-.002.019c-7.681-21.529-12.12-46.363-12.12-72.235 0-61.263 24.891-116.712 65.111-156.786 39.326-39.792 93.895-64.431 154.219-64.431 26.857 0 52.573 4.884 76.309 13.812l-1.494-.493z" fill="#82BC00" class="path4"></path></g></g></svg></div></span>
    Stop &amp; Shop Greek Yogurt Plain Non Fat All Natural
  </a></div> <!----> <!----></div> <div class="skeleton-loader_wrapper"><div class="product-grid-cell_sizes"><span class="product-grid-cell_size">
    32 OZ TUB
  </span> <span aria-hidden="true">
    |
  </span> <!----> <span class="product-grid-cell_unit">
    $0.14 / OZ
  </span></div> <!----></div> <!----> <!----> <!----> <!----> <!----> <!----> <!----></div> <div class="mobile-product-list-cell_bottom"><div class="mobile-product-list-cell_bottom_cart-ui-wrapper"><!----> <!----> <div class="pdl-add-to-cart"><div class="pdl-add-to-cart_button"><button aria-label="Add to cart" data-product-id="200882" data-price="4.49" class="button button--add-to-cart">
      Add to cart
      <!----></button> <!----> <!----> <!----></div> <!----></div></div> <!----></div></div></div> <div class="product-tile_action-items"><!----> <!----> <div class="shopping-list-menu_container"><div class="relative-el"><button aria-label="add to shopping list" class="button pdl-product-detail_top-icon button--fourth pdl-product-detail_top-icon--borderless"><!----> <div class="vector-icon-size--large"><svg xmlns="http://www.w3.org/2000/svg" aria-label="Shopping List Icon Add" viewBox="0 0 32 32" role="presentation" aria-hidden="true" focusable="false" class="vector-icon-color--dark-grey"><title lang="en">Shopping List Icon Add</title><desc></desc><g fill="" stroke=""><g><path d="M21.94066,15.3368884 L21.94066,12.8931995 C21.94066,12.3409148 22.3883752,11.8931995 22.94066,11.8931995 C23.4929447,11.8931995 23.94066,12.3409148 23.94066,12.8931995 L23.94066,15.3368884 L26.2522624,15.3368884 C26.8045471,15.3368884 27.2522624,15.7846037 27.2522624,16.3368884 C27.2522624,16.8891732 26.8045471,17.3368884 26.2522624,17.3368884 L23.94066,17.3368884 L23.94066,19.8787952 C23.94066,20.43108 23.4929447,20.8787952 22.94066,20.8787952 C22.3883752,20.8787952 21.94066,20.43108 21.94066,19.8787952 L21.94066,17.3368884 L19.2666667,17.3368884 C18.7143819,17.3368884 18.2666667,16.8891732 18.2666667,16.3368884 C18.2666667,15.7846037 18.7143819,15.3368884 19.2666667,15.3368884 L21.94066,15.3368884 Z M8,12 C7.44771525,12 7,11.5522847 7,11 C7,10.4477153 7.44771525,10 8,10 L19.1153581,10 C19.6676429,10 20.1153581,10.4477153 20.1153581,11 C20.1153581,11.5522847 19.6676429,12 19.1153581,12 L8,12 Z M8,17.3368884 C7.44771525,17.3368884 7,16.8891732 7,16.3368884 C7,15.7846037 7.44771525,15.3368884 8,15.3368884 L14.7200696,15.3368884 C15.2723543,15.3368884 15.7200696,15.7846037 15.7200696,16.3368884 C15.7200696,16.8891732 15.2723543,17.3368884 14.7200696,17.3368884 L8,17.3368884 Z M8,23 C7.44771525,23 7,22.5522847 7,22 C7,21.4477153 7.44771525,21 8,21 L19.1153581,21 C19.6676429,21 20.1153581,21.4477153 20.1153581,22 C20.1153581,22.5522847 19.6676429,23 19.1153581,23 L8,23 Z" fill="#000000" fill-rule="nonzero"></path></g></g></svg></div> <div class="pdl-product-detail_list-tooltip"><p>Add item to shopping list</p> <em></em></div></button></div></div></div> <!----></li> <!----><!----> <!----> <!----> <!----> <li tabindex="-1" data-product-id="156678" class="slot mobile-product-list-cell"><!----> <!----> <!----> <!----> <div class="mobile-product-list-cell_content"><div><!----> <div class="flag_outer-container"><!----> <!----> <!----> <!----></div></div> <div class="mobile-product-list-cell_left"><div><!----> <img src="data:image/svg+xml;base64,PD94bWwgdmVyc2lvbj0iMS4wIiBlbmNvZGluZz0idXRmLTgiPz4KPCEtLSBHZW5lcmF0ZWQgYnkgSWNvTW9vbi5pbyAtLT4KPCFET0NUWVBFIHN2ZyBQVUJMSUMgIi0vL1czQy8vRFREIFNWRyAxLjEvL0VOIiAiaHR0cDovL3d3dy53My5vcmcvR3JhcGhpY3MvU1ZHLzEuMS9EVEQvc3ZnMTEuZHRkIj4KPHN2ZyB2ZXJzaW9uPSIxLjEiIHhtbG5zPSJodHRwOi8vd3d3LnczLm9yZy8yMDAwL3N2ZyIgeG1sbnM6eGxpbms9Imh0dHA6Ly93d3cudzMub3JnLzE5OTkveGxpbmsiIHdpZHRoPSI0OCIgaGVpZ2h0PSI0OCIgdmlld0JveD0iMCAwIDQ4IDQ4Ij4KPGcgaWQ9Imljb21vb24taWdub3JlIj4KCTxsaW5lIHN0cm9rZS13aWR0aD0iMSIgeDE9IiIgeTE9IiIgeDI9IiIgeTI9IiIgc3Ryb2tlPSIjNDQ5RkRCIiBvcGFjaXR5PSIiPjwvbGluZT4KPC9nPgoJPHBhdGggZD0iTTM4LjQ4IDkuMDcwYzAuMjQ4IDAgMC40NSAwLjIwMiAwLjQ1IDAuNDV2MjguOTU5YzAgMC4yNDgtMC4yMDIgMC40NS0wLjQ1IDAuNDVoLTI4Ljk1OWMtMC4yNDggMC0wLjQ1LTAuMjAyLTAuNDUtMC40NXYtMjguOTU5YzAtMC4yNDggMC4yMDItMC40NSAwLjQ1LTAuNDVoMjguOTU5ek0zOC40OCA4aC0yOC45NTljLTAuODQgMC0xLjUyIDAuNjgxLTEuNTIgMS41MjF2MjguOTU5YzAgMC44NCAwLjY4MSAxLjUyMSAxLjUyIDEuNTIxaDI4Ljk1OWMwLjg0IDAgMS41Mi0wLjY4MSAxLjUyLTEuNTIxdi0yOC45NTljMC0wLjg0LTAuNjgxLTEuNTIxLTEuNTItMS41MjF2MHoiIG9wYWNpdHk9IjEiIHZpc2liaWxpdHk9ImZhbHNlIiBmaWxsPSIjZDdkN2Q3Ij48L3BhdGg+Cgk8cGF0aCBkPSJNMTIuMjI4IDM1LjIyNHYtMy4zMjljMC0wLjE0NSAwLjA1OC0wLjI4NSAwLjE2LTAuMzg4bDUuNTg3LTUuNTg3YzAuMjE0LTAuMjE0IDAuNTYxLTAuMjE0IDAuNzc1IDBsMi4xMTkgMi4xMTljMC4yMTQgMC4yMTQgMC41NjEgMC4yMTQgMC43NzUgMGw4LjE5MS04LjE5MmMwLjIxNC0wLjIxNCAwLjU2MS0wLjIxNCAwLjc3NSAwbDUgNWMwLjEwMyAwLjEwMyAwLjE2IDAuMjQyIDAuMTYgMC4zODh2OS45ODhjMCAwLjMwMy0wLjI0NSAwLjU0OC0wLjU0OCAwLjU0OGgtMjIuNDQ3Yy0wLjMwMyAwLTAuNTQ4LTAuMjQ1LTAuNTQ4LTAuNTQ4eiIgb3BhY2l0eT0iMSIgdmlzaWJpbGl0eT0iZmFsc2UiIGZpbGw9IiNkN2Q3ZDciPjwvcGF0aD4KCTxwYXRoIGQ9Ik0yMS41NDQgMTcuOTY3YzAgMS45ODItMS42MDYgMy41ODgtMy41ODggMy41ODhzLTMuNTg4LTEuNjA2LTMuNTg4LTMuNTg4YzAtMS45ODEgMS42MDYtMy41ODggMy41ODgtMy41ODhzMy41ODggMS42MDYgMy41ODggMy41ODh6IiBvcGFjaXR5PSIxIiB2aXNpYmlsaXR5PSJmYWxzZSIgZmlsbD0iI2Q3ZDdkNyI+PC9wYXRoPgo8L3N2Zz4K" alt="Stop &amp; Shop Deli Ham Cooked (Thin Sliced)" skeleton-box-size="9rem" class="product-grid-image object-contain"></div></div> <div class="mobile-product-list-cell_info"><div class="product-tile_detail"><div class="skeleton-loader_wrapper cursor-pointer"><div class="product-grid-cell_price-container product-grid-cell_price-container--mobile"><span class="product-grid-cell_main-price"><!---->
    $3.00
  </span> <!----></div> <!----></div> <!----></div> <div class="mobile-product-list-cell_name-content"><div class="skeleton-loader_wrapper"><div class="product-grid-cell_name"><a id="product-name-156678-16760862670196413" href="#" data-opens-modal="true" aria-haspopup="dialog" class="product-grid-cell_name-text product-grid-cell_name-text--clamp-2"><span class="vector-icon_inline-text--left mr-0"><div class="vector-icon-size--xsmall"><svg xmlns="http://www.w3.org/2000/svg" aria-label="Ahold Icon" viewBox="0 0 1024 945" role="presentation" aria-hidden="true" focusable="false" class=""><title lang="en">Ahold Icon</title><desc></desc><g fill="" stroke=""><g><path d="M1.893 730.617c-1.289-2.094-2.052-4.631-2.052-7.346 0-.747.058-1.481.169-2.197.158-12.396 10.227-22.466 22.687-22.634h895.306c12.476.168 22.545 10.237 22.713 22.698-.521 3.721-1.182 6.924-2.024 10.053l.131-.574c-86.363 175.072-263.598 293.385-468.466 293.385S88.254 905.689 3.252 733.663l-1.361-3.046z" fill="#F7A800" class="path1"></path> <path d="M107.889 132.495c1.893-1.893 1.893-3.786 3.786-5.678 2.98-3.491 7.385-5.69 12.303-5.69s9.323 2.199 12.284 5.668l.019.022L613.264 603.8c3.491 2.98 5.69 7.385 5.69 12.303s-2.199 9.323-5.668 12.284c-1.399 1.869-3.361 3.216-5.631 3.789l-.069.015c-38.446 13.732-82.796 21.669-129.001 21.669-108.416 0-206.626-43.699-277.977-114.443C130.241 467.591 86.799 369.1 86.799 260.462c0-45.803 7.722-89.803 21.936-130.767l-.845 2.8z" fill="#E2231A" class="path2"></path> <path d="M600.015 1.893a6.922 6.922 0 0 1 5.713-1.889c.057-.006.164-.007.272-.007 7.15 0 12.947 5.796 12.947 12.947 0 .108-.001.215-.004.322v-.016 503.482c.002.091.004.199.004.306 0 7.15-5.796 12.947-12.947 12.947-.108 0-.215-.001-.322-.004a6.925 6.925 0 0 1-5.665-1.895l.002.002c-98.273-48.542-164.673-148.065-164.673-263.098S501.743 50.434 598.306 2.657l1.709-.765z" fill="#712177" class="path3"></path> <path d="M938.824 283.919c1.893 0 1.893 1.893 3.786 1.893 1.765 2.012 2.841 4.666 2.841 7.571s-1.077 5.559-2.853 7.584l.011-.013-268.776 266.884c-2.012 1.765-4.666 2.841-7.571 2.841s-5.559-1.077-7.584-2.853a3.774 3.774 0 0 1-1.877-3.793l-.002.019c-7.681-21.529-12.12-46.363-12.12-72.235 0-61.263 24.891-116.712 65.111-156.786 39.326-39.792 93.895-64.431 154.219-64.431 26.857 0 52.573 4.884 76.309 13.812l-1.494-.493z" fill="#82BC00" class="path4"></path></g></g></svg></div></span>
    Stop &amp; Shop Deli Ham Cooked (Thin Sliced)
  </a></div> <!----> <!----></div> <div class="skeleton-loader_wrapper"><div class="product-grid-cell_sizes"><span class="product-grid-cell_size">
    APX 1/2 LB
  </span> <span aria-hidden="true">
    |
  </span> <!----> <span class="product-grid-cell_unit">
    $5.99 / LB
  </span></div> <!----></div> <!----> <!----> <!----> <!----> <!----> <!----> <!----></div> <div class="mobile-product-list-cell_bottom"><div class="mobile-product-list-cell_bottom_cart-ui-wrapper"><!----> <!----> <div class="pdl-add-to-cart"><div class="pdl-add-to-cart_button"><button aria-label="Add to cart" data-product-id="156678" data-price="3" class="button button--add-to-cart">
      Add to cart
      <!----></button> <!----> <!----> <!----></div> <!----></div></div> <!----></div></div></div> <div class="product-tile_action-items"><!----> <!----> <div class="shopping-list-menu_container"><div class="relative-el"><button aria-label="add to shopping list" class="button pdl-product-detail_top-icon button--fourth pdl-product-detail_top-icon--borderless"><!----> <div class="vector-icon-size--large"><svg xmlns="http://www.w3.org/2000/svg" aria-label="Shopping List Icon Add" viewBox="0 0 32 32" role="presentation" aria-hidden="true" focusable="false" class="vector-icon-color--dark-grey"><title lang="en">Shopping List Icon Add</title><desc></desc><g fill="" stroke=""><g><path d="M21.94066,15.3368884 L21.94066,12.8931995 C21.94066,12.3409148 22.3883752,11.8931995 22.94066,11.8931995 C23.4929447,11.8931995 23.94066,12.3409148 23.94066,12.8931995 L23.94066,15.3368884 L26.2522624,15.3368884 C26.8045471,15.3368884 27.2522624,15.7846037 27.2522624,16.3368884 C27.2522624,16.8891732 26.8045471,17.3368884 26.2522624,17.3368884 L23.94066,17.3368884 L23.94066,19.8787952 C23.94066,20.43108 23.4929447,20.8787952 22.94066,20.8787952 C22.3883752,20.8787952 21.94066,20.43108 21.94066,19.8787952 L21.94066,17.3368884 L19.2666667,17.3368884 C18.7143819,17.3368884 18.2666667,16.8891732 18.2666667,16.3368884 C18.2666667,15.7846037 18.7143819,15.3368884 19.2666667,15.3368884 L21.94066,15.3368884 Z M8,12 C7.44771525,12 7,11.5522847 7,11 C7,10.4477153 7.44771525,10 8,10 L19.1153581,10 C19.6676429,10 20.1153581,10.4477153 20.1153581,11 C20.1153581,11.5522847 19.6676429,12 19.1153581,12 L8,12 Z M8,17.3368884 C7.44771525,17.3368884 7,16.8891732 7,16.3368884 C7,15.7846037 7.44771525,15.3368884 8,15.3368884 L14.7200696,15.3368884 C15.2723543,15.3368884 15.7200696,15.7846037 15.7200696,16.3368884 C15.7200696,16.8891732 15.2723543,17.3368884 14.7200696,17.3368884 L8,17.3368884 Z M8,23 C7.44771525,23 7,22.5522847 7,22 C7,21.4477153 7.44771525,21 8,21 L19.1153581,21 C19.6676429,21 20.1153581,21.4477153 20.1153581,22 C20.1153581,22.5522847 19.6676429,23 19.1153581,23 L8,23 Z" fill="#000000" fill-rule="nonzero"></path></g></g></svg></div> <div class="pdl-product-detail_list-tooltip"><p>Add item to shopping list</p> <em></em></div></button></div></div></div> <!----></li> <!----><!----> <!----> <!----> <!----> <li tabindex="-1" data-product-id="51264" class="slot mobile-product-list-cell"><!----> <!----> <!----> <!----> <div class="mobile-product-list-cell_content"><div><!----> <div class="flag_outer-container"><div class=""><svg xmlns="http://www.w3.org/2000/svg" aria-label="Sale" viewBox="0 0 32 32" role="presentation" aria-hidden="true" focusable="false" class="w-20 ml-3"><title lang="en">Sale</title><desc></desc><g fill="" stroke=""><g><path d="M16.56 19.87a3.81 3.81 0 0 1-1-.13l-13.39-3.5a1.5 1.5 0 0 1-1.12-1.34l-.81-11a1.52 1.52 0 0 1 1.39-1.61l27.69-2h.11a1.51 1.51 0 0 1 1.5 1.4l.82 11a1.52 1.52 0 0 1-.91 1.5l-12.72 5.36a3.79 3.79 0 0 1-1.56.32Z" fill="#ed1256"></path><path fill="#fff" d="M29.43.48a1.26 1.26 0 0 1 1.26 1.17l.82 11a1.27 1.27 0 0 1-.76 1.26L18 19.34a3.72 3.72 0 0 1-1.47.3 3.79 3.79 0 0 1-.94-.12L2.24 16a1.27 1.27 0 0 1-1-1.13l-.81-11a1.26 1.26 0 0 1 1.22-1.33L29.34.48h.09m0-.48h-.13L1.62 2A1.76 1.76 0 0 0 0 3.92l.82 11a1.73 1.73 0 0 0 1.3 1.55L15.5 20a4.3 4.3 0 0 0 1.07.14 4.24 4.24 0 0 0 1.65-.34l12.72-5.44A1.76 1.76 0 0 0 32 12.59l-.82-11A1.76 1.76 0 0 0 29.43 0Z"></path><path fill="#fff" d="M3.74 9.87a3 3 0 0 0 .82.55 2.21 2.21 0 0 0 1.08.19 1.6 1.6 0 0 0 .29 0 1 1 0 0 0 .26-.12.58.58 0 0 0 .18-.2.62.62 0 0 0 0-.31.59.59 0 0 0-.32-.49 3.38 3.38 0 0 0-.85-.34L4.84 9a4.19 4.19 0 0 1-.69-.26 2.44 2.44 0 0 1-.63-.41 1.92 1.92 0 0 1-.7-1.42 2.68 2.68 0 0 1 .1-1A2.2 2.2 0 0 1 3.39 5a2.42 2.42 0 0 1 .82-.6 3.15 3.15 0 0 1 1.17-.28 3.68 3.68 0 0 1 1.72.24 3 3 0 0 1 .57.29A2.66 2.66 0 0 1 8 5l-.82 1.37a4.42 4.42 0 0 0-.82-.45 2 2 0 0 0-.85-.13 1.4 1.4 0 0 0-.28.06A.9.9 0 0 0 5 6a.62.62 0 0 0-.16.2.5.5 0 0 0 0 .28.6.6 0 0 0 .1.31.68.68 0 0 0 .24.2 1.27 1.27 0 0 0 .35.15l.43.13.35.09a7.49 7.49 0 0 1 .69.22 2.2 2.2 0 0 1 .72.42 2.46 2.46 0 0 1 .54.68 2.31 2.31 0 0 1 .27 1 2.15 2.15 0 0 1-.15 1 2.53 2.53 0 0 1-.56.84 2.77 2.77 0 0 1-.88.59 4 4 0 0 1-1.11.27A4.67 4.67 0 0 1 4 12.25a3.79 3.79 0 0 1-1.28-.75ZM11.29 3.89l2.17-.16 3.1 7.7-2 .15L14 10l-2.39.18-.35 1.67-2 .14Zm2.15 4.6-1-2.84-.61 2.95ZM17 3.47l1.89-.14.44 6 3.3-.25.16 1.92-5.19.39ZM23.36 3l5.13-.38.13 1.8-3.24.24.09 1.22 2.66-.2.12 1.7-2.65.2.09 1.35 3.46-.26.13 1.81-5.34.4Z"></path></g></g></svg></div> <!----> <!----> <!----></div></div> <div class="mobile-product-list-cell_left"><div><!----> <img src="data:image/svg+xml;base64,PD94bWwgdmVyc2lvbj0iMS4wIiBlbmNvZGluZz0idXRmLTgiPz4KPCEtLSBHZW5lcmF0ZWQgYnkgSWNvTW9vbi5pbyAtLT4KPCFET0NUWVBFIHN2ZyBQVUJMSUMgIi0vL1czQy8vRFREIFNWRyAxLjEvL0VOIiAiaHR0cDovL3d3dy53My5vcmcvR3JhcGhpY3MvU1ZHLzEuMS9EVEQvc3ZnMTEuZHRkIj4KPHN2ZyB2ZXJzaW9uPSIxLjEiIHhtbG5zPSJodHRwOi8vd3d3LnczLm9yZy8yMDAwL3N2ZyIgeG1sbnM6eGxpbms9Imh0dHA6Ly93d3cudzMub3JnLzE5OTkveGxpbmsiIHdpZHRoPSI0OCIgaGVpZ2h0PSI0OCIgdmlld0JveD0iMCAwIDQ4IDQ4Ij4KPGcgaWQ9Imljb21vb24taWdub3JlIj4KCTxsaW5lIHN0cm9rZS13aWR0aD0iMSIgeDE9IiIgeTE9IiIgeDI9IiIgeTI9IiIgc3Ryb2tlPSIjNDQ5RkRCIiBvcGFjaXR5PSIiPjwvbGluZT4KPC9nPgoJPHBhdGggZD0iTTM4LjQ4IDkuMDcwYzAuMjQ4IDAgMC40NSAwLjIwMiAwLjQ1IDAuNDV2MjguOTU5YzAgMC4yNDgtMC4yMDIgMC40NS0wLjQ1IDAuNDVoLTI4Ljk1OWMtMC4yNDggMC0wLjQ1LTAuMjAyLTAuNDUtMC40NXYtMjguOTU5YzAtMC4yNDggMC4yMDItMC40NSAwLjQ1LTAuNDVoMjguOTU5ek0zOC40OCA4aC0yOC45NTljLTAuODQgMC0xLjUyIDAuNjgxLTEuNTIgMS41MjF2MjguOTU5YzAgMC44NCAwLjY4MSAxLjUyMSAxLjUyIDEuNTIxaDI4Ljk1OWMwLjg0IDAgMS41Mi0wLjY4MSAxLjUyLTEuNTIxdi0yOC45NTljMC0wLjg0LTAuNjgxLTEuNTIxLTEuNTItMS41MjF2MHoiIG9wYWNpdHk9IjEiIHZpc2liaWxpdHk9ImZhbHNlIiBmaWxsPSIjZDdkN2Q3Ij48L3BhdGg+Cgk8cGF0aCBkPSJNMTIuMjI4IDM1LjIyNHYtMy4zMjljMC0wLjE0NSAwLjA1OC0wLjI4NSAwLjE2LTAuMzg4bDUuNTg3LTUuNTg3YzAuMjE0LTAuMjE0IDAuNTYxLTAuMjE0IDAuNzc1IDBsMi4xMTkgMi4xMTljMC4yMTQgMC4yMTQgMC41NjEgMC4yMTQgMC43NzUgMGw4LjE5MS04LjE5MmMwLjIxNC0wLjIxNCAwLjU2MS0wLjIxNCAwLjc3NSAwbDUgNWMwLjEwMyAwLjEwMyAwLjE2IDAuMjQyIDAuMTYgMC4zODh2OS45ODhjMCAwLjMwMy0wLjI0NSAwLjU0OC0wLjU0OCAwLjU0OGgtMjIuNDQ3Yy0wLjMwMyAwLTAuNTQ4LTAuMjQ1LTAuNTQ4LTAuNTQ4eiIgb3BhY2l0eT0iMSIgdmlzaWJpbGl0eT0iZmFsc2UiIGZpbGw9IiNkN2Q3ZDciPjwvcGF0aD4KCTxwYXRoIGQ9Ik0yMS41NDQgMTcuOTY3YzAgMS45ODItMS42MDYgMy41ODgtMy41ODggMy41ODhzLTMuNTg4LTEuNjA2LTMuNTg4LTMuNTg4YzAtMS45ODEgMS42MDYtMy41ODggMy41ODgtMy41ODhzMy41ODggMS42MDYgMy41ODggMy41ODh6IiBvcGFjaXR5PSIxIiB2aXNpYmlsaXR5PSJmYWxzZSIgZmlsbD0iI2Q3ZDdkNyI+PC9wYXRoPgo8L3N2Zz4K" alt="Kraft Cheddar Cheese Sharp Finely Shredded" skeleton-box-size="9rem" class="product-grid-image object-contain"></div></div> <div class="mobile-product-list-cell_info"><div class="product-tile_detail"><div class="skeleton-loader_wrapper cursor-pointer"><div class="product-grid-cell_price-container product-grid-cell_price-container_column product-grid-cell_price-container--mobile"><span class="product-grid-cell_main-price product-grid-cell_main-price--on-sale"><span class="sr-only">
      Sale Price
    </span>
    $2.50
  </span> <div class="product-grid-cell_was-container"><span class="product-grid-cell_regular-price product-grid-cell_regular-price--small"><span class="sr-only">
        Original Price
      </span>
      $4.49
    </span></div></div> <!----></div> <!----></div> <div class="mobile-product-list-cell_name-content"><div class="skeleton-loader_wrapper"><div class="product-grid-cell_name"><a id="product-name-51264-16760862670220157" href="#" data-opens-modal="true" aria-haspopup="dialog" class="product-grid-cell_name-text product-grid-cell_name-text--clamp-2"><!---->
    Kraft Cheddar Cheese Sharp Finely Shredded
  </a></div> <!----> <!----></div> <div class="skeleton-loader_wrapper"><div class="product-grid-cell_sizes"><span class="product-grid-cell_size">
    8 OZ BAG
  </span> <span aria-hidden="true">
    |
  </span> <!----> <span class="product-grid-cell_unit">
    $5.00 / LB
  </span></div> <!----></div> <!----> <!----> <!----> <!----> <!----> <!----> <!----></div> <div class="mobile-product-list-cell_bottom"><div class="mobile-product-list-cell_bottom_cart-ui-wrapper"><!----> <!----> <div class="pdl-add-to-cart"><div class="pdl-add-to-cart_button"><button aria-label="Add to cart" data-product-id="51264" data-price="2.5" class="button button--add-to-cart add-sale">
      Add to cart
      <!----></button> <!----> <!----> <!----></div> <!----></div></div> <!----></div></div></div> <div class="product-tile_action-items"><!----> <!----> <div class="shopping-list-menu_container"><div class="relative-el"><button aria-label="add to shopping list" class="button pdl-product-detail_top-icon button--fourth pdl-product-detail_top-icon--borderless"><!----> <div class="vector-icon-size--large"><svg xmlns="http://www.w3.org/2000/svg" aria-label="Shopping List Icon Add" viewBox="0 0 32 32" role="presentation" aria-hidden="true" focusable="false" class="vector-icon-color--dark-grey"><title lang="en">Shopping List Icon Add</title><desc></desc><g fill="" stroke=""><g><path d="M21.94066,15.3368884 L21.94066,12.8931995 C21.94066,12.3409148 22.3883752,11.8931995 22.94066,11.8931995 C23.4929447,11.8931995 23.94066,12.3409148 23.94066,12.8931995 L23.94066,15.3368884 L26.2522624,15.3368884 C26.8045471,15.3368884 27.2522624,15.7846037 27.2522624,16.3368884 C27.2522624,16.8891732 26.8045471,17.3368884 26.2522624,17.3368884 L23.94066,17.3368884 L23.94066,19.8787952 C23.94066,20.43108 23.4929447,20.8787952 22.94066,20.8787952 C22.3883752,20.8787952 21.94066,20.43108 21.94066,19.8787952 L21.94066,17.3368884 L19.2666667,17.3368884 C18.7143819,17.3368884 18.2666667,16.8891732 18.2666667,16.3368884 C18.2666667,15.7846037 18.7143819,15.3368884 19.2666667,15.3368884 L21.94066,15.3368884 Z M8,12 C7.44771525,12 7,11.5522847 7,11 C7,10.4477153 7.44771525,10 8,10 L19.1153581,10 C19.6676429,10 20.1153581,10.4477153 20.1153581,11 C20.1153581,11.5522847 19.6676429,12 19.1153581,12 L8,12 Z M8,17.3368884 C7.44771525,17.3368884 7,16.8891732 7,16.3368884 C7,15.7846037 7.44771525,15.3368884 8,15.3368884 L14.7200696,15.3368884 C15.2723543,15.3368884 15.7200696,15.7846037 15.7200696,16.3368884 C15.7200696,16.8891732 15.2723543,17.3368884 14.7200696,17.3368884 L8,17.3368884 Z M8,23 C7.44771525,23 7,22.5522847 7,22 C7,21.4477153 7.44771525,21 8,21 L19.1153581,21 C19.6676429,21 20.1153581,21.4477153 20.1153581,22 C20.1153581,22.5522847 19.6676429,23 19.1153581,23 L8,23 Z" fill="#000000" fill-rule="nonzero"></path></g></g></svg></div> <div class="pdl-product-detail_list-tooltip"><p>Add item to shopping list</p> <em></em></div></button></div></div></div> <!----></li> <!----><!----> <!----> <!----> <!----> <li tabindex="-1" data-product-id="190685" class="slot mobile-product-list-cell"><!----> <!----> <!----> <!----> <div class="mobile-product-list-cell_content"><div><!----> <div class="flag_outer-container"><!----> <!----> <!----> <!----></div></div> <div class="mobile-product-list-cell_left"><div><!----> <img src="data:image/svg+xml;base64,PD94bWwgdmVyc2lvbj0iMS4wIiBlbmNvZGluZz0idXRmLTgiPz4KPCEtLSBHZW5lcmF0ZWQgYnkgSWNvTW9vbi5pbyAtLT4KPCFET0NUWVBFIHN2ZyBQVUJMSUMgIi0vL1czQy8vRFREIFNWRyAxLjEvL0VOIiAiaHR0cDovL3d3dy53My5vcmcvR3JhcGhpY3MvU1ZHLzEuMS9EVEQvc3ZnMTEuZHRkIj4KPHN2ZyB2ZXJzaW9uPSIxLjEiIHhtbG5zPSJodHRwOi8vd3d3LnczLm9yZy8yMDAwL3N2ZyIgeG1sbnM6eGxpbms9Imh0dHA6Ly93d3cudzMub3JnLzE5OTkveGxpbmsiIHdpZHRoPSI0OCIgaGVpZ2h0PSI0OCIgdmlld0JveD0iMCAwIDQ4IDQ4Ij4KPGcgaWQ9Imljb21vb24taWdub3JlIj4KCTxsaW5lIHN0cm9rZS13aWR0aD0iMSIgeDE9IiIgeTE9IiIgeDI9IiIgeTI9IiIgc3Ryb2tlPSIjNDQ5RkRCIiBvcGFjaXR5PSIiPjwvbGluZT4KPC9nPgoJPHBhdGggZD0iTTM4LjQ4IDkuMDcwYzAuMjQ4IDAgMC40NSAwLjIwMiAwLjQ1IDAuNDV2MjguOTU5YzAgMC4yNDgtMC4yMDIgMC40NS0wLjQ1IDAuNDVoLTI4Ljk1OWMtMC4yNDggMC0wLjQ1LTAuMjAyLTAuNDUtMC40NXYtMjguOTU5YzAtMC4yNDggMC4yMDItMC40NSAwLjQ1LTAuNDVoMjguOTU5ek0zOC40OCA4aC0yOC45NTljLTAuODQgMC0xLjUyIDAuNjgxLTEuNTIgMS41MjF2MjguOTU5YzAgMC44NCAwLjY4MSAxLjUyMSAxLjUyIDEuNTIxaDI4Ljk1OWMwLjg0IDAgMS41Mi0wLjY4MSAxLjUyLTEuNTIxdi0yOC45NTljMC0wLjg0LTAuNjgxLTEuNTIxLTEuNTItMS41MjF2MHoiIG9wYWNpdHk9IjEiIHZpc2liaWxpdHk9ImZhbHNlIiBmaWxsPSIjZDdkN2Q3Ij48L3BhdGg+Cgk8cGF0aCBkPSJNMTIuMjI4IDM1LjIyNHYtMy4zMjljMC0wLjE0NSAwLjA1OC0wLjI4NSAwLjE2LTAuMzg4bDUuNTg3LTUuNTg3YzAuMjE0LTAuMjE0IDAuNTYxLTAuMjE0IDAuNzc1IDBsMi4xMTkgMi4xMTljMC4yMTQgMC4yMTQgMC41NjEgMC4yMTQgMC43NzUgMGw4LjE5MS04LjE5MmMwLjIxNC0wLjIxNCAwLjU2MS0wLjIxNCAwLjc3NSAwbDUgNWMwLjEwMyAwLjEwMyAwLjE2IDAuMjQyIDAuMTYgMC4zODh2OS45ODhjMCAwLjMwMy0wLjI0NSAwLjU0OC0wLjU0OCAwLjU0OGgtMjIuNDQ3Yy0wLjMwMyAwLTAuNTQ4LTAuMjQ1LTAuNTQ4LTAuNTQ4eiIgb3BhY2l0eT0iMSIgdmlzaWJpbGl0eT0iZmFsc2UiIGZpbGw9IiNkN2Q3ZDciPjwvcGF0aD4KCTxwYXRoIGQ9Ik0yMS41NDQgMTcuOTY3YzAgMS45ODItMS42MDYgMy41ODgtMy41ODggMy41ODhzLTMuNTg4LTEuNjA2LTMuNTg4LTMuNTg4YzAtMS45ODEgMS42MDYtMy41ODggMy41ODgtMy41ODhzMy41ODggMS42MDYgMy41ODggMy41ODh6IiBvcGFjaXR5PSIxIiB2aXNpYmlsaXR5PSJmYWxzZSIgZmlsbD0iI2Q3ZDdkNyI+PC9wYXRoPgo8L3N2Zz4K" alt="Blue Diamond Almond Breeze Almond Milk Original Unsweetened" skeleton-box-size="9rem" class="product-grid-image object-contain"></div></div> <div class="mobile-product-list-cell_info"><div class="product-tile_detail"><div class="skeleton-loader_wrapper cursor-pointer"><div class="product-grid-cell_price-container product-grid-cell_price-container--mobile"><span class="product-grid-cell_main-price"><!---->
    $3.99
  </span> <!----></div> <!----></div> <!----></div> <div class="mobile-product-list-cell_name-content"><div class="skeleton-loader_wrapper"><div class="product-grid-cell_name"><a id="product-name-190685-16760862670242696" href="#" data-opens-modal="true" aria-haspopup="dialog" class="product-grid-cell_name-text product-grid-cell_name-text--clamp-2"><!---->
    Blue Diamond Almond Breeze Almond Milk Original Unsweetened
  </a></div> <!----> <!----></div> <div class="skeleton-loader_wrapper"><div class="product-grid-cell_sizes"><span class="product-grid-cell_size">
    1/2 GALLON
  </span> <span aria-hidden="true">
    |
  </span> <!----> <span class="product-grid-cell_unit">
    $0.06 / OZ
  </span></div> <!----></div> <!----> <!----> <!----> <!----> <!----> <!----> <!----></div> <div class="mobile-product-list-cell_bottom"><div class="mobile-product-list-cell_bottom_cart-ui-wrapper"><!----> <!----> <div class="pdl-add-to-cart"><div class="pdl-add-to-cart_button"><button aria-label="Add to cart" data-product-id="190685" data-price="3.99" class="button button--add-to-cart">
      Add to cart
      <!----></button> <!----> <!----> <!----></div> <!----></div></div> <!----></div></div></div> <div class="product-tile_action-items"><!----> <!----> <div class="shopping-list-menu_container"><div class="relative-el"><button aria-label="add to shopping list" class="button pdl-product-detail_top-icon button--fourth pdl-product-detail_top-icon--borderless"><!----> <div class="vector-icon-size--large"><svg xmlns="http://www.w3.org/2000/svg" aria-label="Shopping List Icon Add" viewBox="0 0 32 32" role="presentation" aria-hidden="true" focusable="false" class="vector-icon-color--dark-grey"><title lang="en">Shopping List Icon Add</title><desc></desc><g fill="" stroke=""><g><path d="M21.94066,15.3368884 L21.94066,12.8931995 C21.94066,12.3409148 22.3883752,11.8931995 22.94066,11.8931995 C23.4929447,11.8931995 23.94066,12.3409148 23.94066,12.8931995 L23.94066,15.3368884 L26.2522624,15.3368884 C26.8045471,15.3368884 27.2522624,15.7846037 27.2522624,16.3368884 C27.2522624,16.8891732 26.8045471,17.3368884 26.2522624,17.3368884 L23.94066,17.3368884 L23.94066,19.8787952 C23.94066,20.43108 23.4929447,20.8787952 22.94066,20.8787952 C22.3883752,20.8787952 21.94066,20.43108 21.94066,19.8787952 L21.94066,17.3368884 L19.2666667,17.3368884 C18.7143819,17.3368884 18.2666667,16.8891732 18.2666667,16.3368884 C18.2666667,15.7846037 18.7143819,15.3368884 19.2666667,15.3368884 L21.94066,15.3368884 Z M8,12 C7.44771525,12 7,11.5522847 7,11 C7,10.4477153 7.44771525,10 8,10 L19.1153581,10 C19.6676429,10 20.1153581,10.4477153 20.1153581,11 C20.1153581,11.5522847 19.6676429,12 19.1153581,12 L8,12 Z M8,17.3368884 C7.44771525,17.3368884 7,16.8891732 7,16.3368884 C7,15.7846037 7.44771525,15.3368884 8,15.3368884 L14.7200696,15.3368884 C15.2723543,15.3368884 15.7200696,15.7846037 15.7200696,16.3368884 C15.7200696,16.8891732 15.2723543,17.3368884 14.7200696,17.3368884 L8,17.3368884 Z M8,23 C7.44771525,23 7,22.5522847 7,22 C7,21.4477153 7.44771525,21 8,21 L19.1153581,21 C19.6676429,21 20.1153581,21.4477153 20.1153581,22 C20.1153581,22.5522847 19.6676429,23 19.1153581,23 L8,23 Z" fill="#000000" fill-rule="nonzero"></path></g></g></svg></div> <div class="pdl-product-detail_list-tooltip"><p>Add item to shopping list</p> <em></em></div></button></div></div></div> <!----></li> <!----><!----> <!----> <!----> <!----> <li tabindex="-1" data-product-id="9661" class="slot mobile-product-list-cell"><!----> <!----> <!----> <!----> <div class="mobile-product-list-cell_content"><div><!----> <div class="flag_outer-container"><!----> <!----> <!----> <!----></div></div> <div class="mobile-product-list-cell_left"><div><!----> <img src="data:image/svg+xml;base64,PD94bWwgdmVyc2lvbj0iMS4wIiBlbmNvZGluZz0idXRmLTgiPz4KPCEtLSBHZW5lcmF0ZWQgYnkgSWNvTW9vbi5pbyAtLT4KPCFET0NUWVBFIHN2ZyBQVUJMSUMgIi0vL1czQy8vRFREIFNWRyAxLjEvL0VOIiAiaHR0cDovL3d3dy53My5vcmcvR3JhcGhpY3MvU1ZHLzEuMS9EVEQvc3ZnMTEuZHRkIj4KPHN2ZyB2ZXJzaW9uPSIxLjEiIHhtbG5zPSJodHRwOi8vd3d3LnczLm9yZy8yMDAwL3N2ZyIgeG1sbnM6eGxpbms9Imh0dHA6Ly93d3cudzMub3JnLzE5OTkveGxpbmsiIHdpZHRoPSI0OCIgaGVpZ2h0PSI0OCIgdmlld0JveD0iMCAwIDQ4IDQ4Ij4KPGcgaWQ9Imljb21vb24taWdub3JlIj4KCTxsaW5lIHN0cm9rZS13aWR0aD0iMSIgeDE9IiIgeTE9IiIgeDI9IiIgeTI9IiIgc3Ryb2tlPSIjNDQ5RkRCIiBvcGFjaXR5PSIiPjwvbGluZT4KPC9nPgoJPHBhdGggZD0iTTM4LjQ4IDkuMDcwYzAuMjQ4IDAgMC40NSAwLjIwMiAwLjQ1IDAuNDV2MjguOTU5YzAgMC4yNDgtMC4yMDIgMC40NS0wLjQ1IDAuNDVoLTI4Ljk1OWMtMC4yNDggMC0wLjQ1LTAuMjAyLTAuNDUtMC40NXYtMjguOTU5YzAtMC4yNDggMC4yMDItMC40NSAwLjQ1LTAuNDVoMjguOTU5ek0zOC40OCA4aC0yOC45NTljLTAuODQgMC0xLjUyIDAuNjgxLTEuNTIgMS41MjF2MjguOTU5YzAgMC44NCAwLjY4MSAxLjUyMSAxLjUyIDEuNTIxaDI4Ljk1OWMwLjg0IDAgMS41Mi0wLjY4MSAxLjUyLTEuNTIxdi0yOC45NTljMC0wLjg0LTAuNjgxLTEuNTIxLTEuNTItMS41MjF2MHoiIG9wYWNpdHk9IjEiIHZpc2liaWxpdHk9ImZhbHNlIiBmaWxsPSIjZDdkN2Q3Ij48L3BhdGg+Cgk8cGF0aCBkPSJNMTIuMjI4IDM1LjIyNHYtMy4zMjljMC0wLjE0NSAwLjA1OC0wLjI4NSAwLjE2LTAuMzg4bDUuNTg3LTUuNTg3YzAuMjE0LTAuMjE0IDAuNTYxLTAuMjE0IDAuNzc1IDBsMi4xMTkgMi4xMTljMC4yMTQgMC4yMTQgMC41NjEgMC4yMTQgMC43NzUgMGw4LjE5MS04LjE5MmMwLjIxNC0wLjIxNCAwLjU2MS0wLjIxNCAwLjc3NSAwbDUgNWMwLjEwMyAwLjEwMyAwLjE2IDAuMjQyIDAuMTYgMC4zODh2OS45ODhjMCAwLjMwMy0wLjI0NSAwLjU0OC0wLjU0OCAwLjU0OGgtMjIuNDQ3Yy0wLjMwMyAwLTAuNTQ4LTAuMjQ1LTAuNTQ4LTAuNTQ4eiIgb3BhY2l0eT0iMSIgdmlzaWJpbGl0eT0iZmFsc2UiIGZpbGw9IiNkN2Q3ZDciPjwvcGF0aD4KCTxwYXRoIGQ9Ik0yMS41NDQgMTcuOTY3YzAgMS45ODItMS42MDYgMy41ODgtMy41ODggMy41ODhzLTMuNTg4LTEuNjA2LTMuNTg4LTMuNTg4YzAtMS45ODEgMS42MDYtMy41ODggMy41ODgtMy41ODhzMy41ODggMS42MDYgMy41ODggMy41ODh6IiBvcGFjaXR5PSIxIiB2aXNpYmlsaXR5PSJmYWxzZSIgZmlsbD0iI2Q3ZDdkNyI+PC9wYXRoPgo8L3N2Zz4K" alt="Bumble Bee Chunk Light Tuna in Water" skeleton-box-size="9rem" class="product-grid-image object-contain"></div></div> <div class="mobile-product-list-cell_info"><div class="product-tile_detail"><div class="skeleton-loader_wrapper cursor-pointer"><div class="product-grid-cell_price-container product-grid-cell_price-container--mobile"><span class="product-grid-cell_main-price"><!---->
    $1.29
  </span> <!----></div> <!----></div> <!----></div> <div class="mobile-product-list-cell_name-content"><div class="skeleton-loader_wrapper"><div class="product-grid-cell_name"><a id="product-name-9661-16760862670269907" href="#" data-opens-modal="true" aria-haspopup="dialog" class="product-grid-cell_name-text product-grid-cell_name-text--clamp-2"><!---->
    Bumble Bee Chunk Light Tuna in Water
  </a></div> <!----> <!----></div> <div class="skeleton-loader_wrapper"><div class="product-grid-cell_sizes"><span class="product-grid-cell_size">
    5 OZ CAN
  </span> <span aria-hidden="true">
    |
  </span> <!----> <span class="product-grid-cell_unit">
    $0.26 / OZ
  </span></div> <!----></div> <!----> <!----> <!----> <!----> <!----> <!----> <!----></div> <div class="mobile-product-list-cell_bottom"><div class="mobile-product-list-cell_bottom_cart-ui-wrapper"><!----> <!----> <div class="pdl-add-to-cart"><div class="pdl-add-to-cart_button"><button aria-label="Add to cart" data-product-id="9661" data-price="1.29" class="button button--add-to-cart">
      Add to cart
      <!----></button> <!----> <!----> <!----></div> <!----></div></div> <!----></div></div></div> <div class="product-tile_action-items"><!----> <!----> <div class="shopping-list-menu_container"><div class="relative-el"><button aria-label="add to shopping list" class="button pdl-product-detail_top-icon button--fourth pdl-product-detail_top-icon--borderless"><!----> <div class="vector-icon-size--large"><svg xmlns="http://www.w3.org/2000/svg" aria-label="Shopping List Icon Add" viewBox="0 0 32 32" role="presentation" aria-hidden="true" focusable="false" class="vector-icon-color--dark-grey"><title lang="en">Shopping List Icon Add</title><desc></desc><g fill="" stroke=""><g><path d="M21.94066,15.3368884 L21.94066,12.8931995 C21.94066,12.3409148 22.3883752,11.8931995 22.94066,11.8931995 C23.4929447,11.8931995 23.94066,12.3409148 23.94066,12.8931995 L23.94066,15.3368884 L26.2522624,15.3368884 C26.8045471,15.3368884 27.2522624,15.7846037 27.2522624,16.3368884 C27.2522624,16.8891732 26.8045471,17.3368884 26.2522624,17.3368884 L23.94066,17.3368884 L23.94066,19.8787952 C23.94066,20.43108 23.4929447,20.8787952 22.94066,20.8787952 C22.3883752,20.8787952 21.94066,20.43108 21.94066,19.8787952 L21.94066,17.3368884 L19.2666667,17.3368884 C18.7143819,17.3368884 18.2666667,16.8891732 18.2666667,16.3368884 C18.2666667,15.7846037 18.7143819,15.3368884 19.2666667,15.3368884 L21.94066,15.3368884 Z M8,12 C7.44771525,12 7,11.5522847 7,11 C7,10.4477153 7.44771525,10 8,10 L19.1153581,10 C19.6676429,10 20.1153581,10.4477153 20.1153581,11 C20.1153581,11.5522847 19.6676429,12 19.1153581,12 L8,12 Z M8,17.3368884 C7.44771525,17.3368884 7,16.8891732 7,16.3368884 C7,15.7846037 7.44771525,15.3368884 8,15.3368884 L14.7200696,15.3368884 C15.2723543,15.3368884 15.7200696,15.7846037 15.7200696,16.3368884 C15.7200696,16.8891732 15.2723543,17.3368884 14.7200696,17.3368884 L8,17.3368884 Z M8,23 C7.44771525,23 7,22.5522847 7,22 C7,21.4477153 7.44771525,21 8,21 L19.1153581,21 C19.6676429,21 20.1153581,21.4477153 20.1153581,22 C20.1153581,22.5522847 19.6676429,23 19.1153581,23 L8,23 Z" fill="#000000" fill-rule="nonzero"></path></g></g></svg></div> <div class="pdl-product-detail_list-tooltip"><p>Add item to shopping list</p> <em></em></div></button></div></div></div> <!----></li> <!----><!----> <!----> <!----> <!----> <li tabindex="-1" data-product-id="194890" class="slot mobile-product-list-cell"><!----> <!----> <!----> <!----> <div class="mobile-product-list-cell_content"><div><!----> <div class="flag_outer-container"><!----> <!----> <!----> <!----></div></div> <div class="mobile-product-list-cell_left"><div><!----> <img src="data:image/svg+xml;base64,PD94bWwgdmVyc2lvbj0iMS4wIiBlbmNvZGluZz0idXRmLTgiPz4KPCEtLSBHZW5lcmF0ZWQgYnkgSWNvTW9vbi5pbyAtLT4KPCFET0NUWVBFIHN2ZyBQVUJMSUMgIi0vL1czQy8vRFREIFNWRyAxLjEvL0VOIiAiaHR0cDovL3d3dy53My5vcmcvR3JhcGhpY3MvU1ZHLzEuMS9EVEQvc3ZnMTEuZHRkIj4KPHN2ZyB2ZXJzaW9uPSIxLjEiIHhtbG5zPSJodHRwOi8vd3d3LnczLm9yZy8yMDAwL3N2ZyIgeG1sbnM6eGxpbms9Imh0dHA6Ly93d3cudzMub3JnLzE5OTkveGxpbmsiIHdpZHRoPSI0OCIgaGVpZ2h0PSI0OCIgdmlld0JveD0iMCAwIDQ4IDQ4Ij4KPGcgaWQ9Imljb21vb24taWdub3JlIj4KCTxsaW5lIHN0cm9rZS13aWR0aD0iMSIgeDE9IiIgeTE9IiIgeDI9IiIgeTI9IiIgc3Ryb2tlPSIjNDQ5RkRCIiBvcGFjaXR5PSIiPjwvbGluZT4KPC9nPgoJPHBhdGggZD0iTTM4LjQ4IDkuMDcwYzAuMjQ4IDAgMC40NSAwLjIwMiAwLjQ1IDAuNDV2MjguOTU5YzAgMC4yNDgtMC4yMDIgMC40NS0wLjQ1IDAuNDVoLTI4Ljk1OWMtMC4yNDggMC0wLjQ1LTAuMjAyLTAuNDUtMC40NXYtMjguOTU5YzAtMC4yNDggMC4yMDItMC40NSAwLjQ1LTAuNDVoMjguOTU5ek0zOC40OCA4aC0yOC45NTljLTAuODQgMC0xLjUyIDAuNjgxLTEuNTIgMS41MjF2MjguOTU5YzAgMC44NCAwLjY4MSAxLjUyMSAxLjUyIDEuNTIxaDI4Ljk1OWMwLjg0IDAgMS41Mi0wLjY4MSAxLjUyLTEuNTIxdi0yOC45NTljMC0wLjg0LTAuNjgxLTEuNTIxLTEuNTItMS41MjF2MHoiIG9wYWNpdHk9IjEiIHZpc2liaWxpdHk9ImZhbHNlIiBmaWxsPSIjZDdkN2Q3Ij48L3BhdGg+Cgk8cGF0aCBkPSJNMTIuMjI4IDM1LjIyNHYtMy4zMjljMC0wLjE0NSAwLjA1OC0wLjI4NSAwLjE2LTAuMzg4bDUuNTg3LTUuNTg3YzAuMjE0LTAuMjE0IDAuNTYxLTAuMjE0IDAuNzc1IDBsMi4xMTkgMi4xMTljMC4yMTQgMC4yMTQgMC41NjEgMC4yMTQgMC43NzUgMGw4LjE5MS04LjE5MmMwLjIxNC0wLjIxNCAwLjU2MS0wLjIxNCAwLjc3NSAwbDUgNWMwLjEwMyAwLjEwMyAwLjE2IDAuMjQyIDAuMTYgMC4zODh2OS45ODhjMCAwLjMwMy0wLjI0NSAwLjU0OC0wLjU0OCAwLjU0OGgtMjIuNDQ3Yy0wLjMwMyAwLTAuNTQ4LTAuMjQ1LTAuNTQ4LTAuNTQ4eiIgb3BhY2l0eT0iMSIgdmlzaWJpbGl0eT0iZmFsc2UiIGZpbGw9IiNkN2Q3ZDciPjwvcGF0aD4KCTxwYXRoIGQ9Ik0yMS41NDQgMTcuOTY3YzAgMS45ODItMS42MDYgMy41ODgtMy41ODggMy41ODhzLTMuNTg4LTEuNjA2LTMuNTg4LTMuNTg4YzAtMS45ODEgMS42MDYtMy41ODggMy41ODgtMy41ODhzMy41ODggMS42MDYgMy41ODggMy41ODh6IiBvcGFjaXR5PSIxIiB2aXNpYmlsaXR5PSJmYWxzZSIgZmlsbD0iI2Q3ZDdkNyI+PC9wYXRoPgo8L3N2Zz4K" alt="YoCrunch Yogurt Vanilla with M&amp;M's Low Fat - 4 ct" skeleton-box-size="9rem" class="product-grid-image object-contain"></div></div> <div class="mobile-product-list-cell_info"><div class="product-tile_detail"><div class="skeleton-loader_wrapper cursor-pointer"><div class="product-grid-cell_price-container product-grid-cell_price-container--mobile"><span class="product-grid-cell_main-price"><!---->
    $4.19
  </span> <!----></div> <!----></div> <!----></div> <div class="mobile-product-list-cell_name-content"><div class="skeleton-loader_wrapper"><div class="product-grid-cell_name"><a id="product-name-194890-16760862670286247" href="#" data-opens-modal="true" aria-haspopup="dialog" class="product-grid-cell_name-text product-grid-cell_name-text--clamp-2"><!---->
    YoCrunch Yogurt Vanilla with M&amp;M's Low Fat - 4 ct
  </a></div> <!----> <!----></div> <div class="skeleton-loader_wrapper"><div class="product-grid-cell_sizes"><span class="product-grid-cell_size">
    16 OZ PKG
  </span> <span aria-hidden="true">
    |
  </span> <!----> <span class="product-grid-cell_unit">
    $0.26 / OZ
  </span></div> <!----></div> <!----> <!----> <!----> <!----> <!----> <!----> <!----></div> <div class="mobile-product-list-cell_bottom"><div class="mobile-product-list-cell_bottom_cart-ui-wrapper"><!----> <!----> <div class="pdl-add-to-cart"><div class="pdl-add-to-cart_button"><button aria-label="Add to cart" data-product-id="194890" data-price="4.19" class="button button--add-to-cart">
      Add to cart
      <!----></button> <!----> <!----> <!----></div> <!----></div></div> <!----></div></div></div> <div class="product-tile_action-items"><!----> <!----> <div class="shopping-list-menu_container"><div class="relative-el"><button aria-label="add to shopping list" class="button pdl-product-detail_top-icon button--fourth pdl-product-detail_top-icon--borderless"><!----> <div class="vector-icon-size--large"><svg xmlns="http://www.w3.org/2000/svg" aria-label="Shopping List Icon Add" viewBox="0 0 32 32" role="presentation" aria-hidden="true" focusable="false" class="vector-icon-color--dark-grey"><title lang="en">Shopping List Icon Add</title><desc></desc><g fill="" stroke=""><g><path d="M21.94066,15.3368884 L21.94066,12.8931995 C21.94066,12.3409148 22.3883752,11.8931995 22.94066,11.8931995 C23.4929447,11.8931995 23.94066,12.3409148 23.94066,12.8931995 L23.94066,15.3368884 L26.2522624,15.3368884 C26.8045471,15.3368884 27.2522624,15.7846037 27.2522624,16.3368884 C27.2522624,16.8891732 26.8045471,17.3368884 26.2522624,17.3368884 L23.94066,17.3368884 L23.94066,19.8787952 C23.94066,20.43108 23.4929447,20.8787952 22.94066,20.8787952 C22.3883752,20.8787952 21.94066,20.43108 21.94066,19.8787952 L21.94066,17.3368884 L19.2666667,17.3368884 C18.7143819,17.3368884 18.2666667,16.8891732 18.2666667,16.3368884 C18.2666667,15.7846037 18.7143819,15.3368884 19.2666667,15.3368884 L21.94066,15.3368884 Z M8,12 C7.44771525,12 7,11.5522847 7,11 C7,10.4477153 7.44771525,10 8,10 L19.1153581,10 C19.6676429,10 20.1153581,10.4477153 20.1153581,11 C20.1153581,11.5522847 19.6676429,12 19.1153581,12 L8,12 Z M8,17.3368884 C7.44771525,17.3368884 7,16.8891732 7,16.3368884 C7,15.7846037 7.44771525,15.3368884 8,15.3368884 L14.7200696,15.3368884 C15.2723543,15.3368884 15.7200696,15.7846037 15.7200696,16.3368884 C15.7200696,16.8891732 15.2723543,17.3368884 14.7200696,17.3368884 L8,17.3368884 Z M8,23 C7.44771525,23 7,22.5522847 7,22 C7,21.4477153 7.44771525,21 8,21 L19.1153581,21 C19.6676429,21 20.1153581,21.4477153 20.1153581,22 C20.1153581,22.5522847 19.6676429,23 19.1153581,23 L8,23 Z" fill="#000000" fill-rule="nonzero"></path></g></g></svg></div> <div class="pdl-product-detail_list-tooltip"><p>Add item to shopping list</p> <em></em></div></button></div></div></div> <!----></li> <!----><!----> <!----> <!----> <!----> <li tabindex="-1" data-product-id="135681" class="slot mobile-product-list-cell"><!----> <!----> <!----> <!----> <div class="mobile-product-list-cell_content"><div><!----> <div class="flag_outer-container"><!----> <!----> <!----> <!----></div></div> <div class="mobile-product-list-cell_left"><div><!----> <img src="data:image/svg+xml;base64,PD94bWwgdmVyc2lvbj0iMS4wIiBlbmNvZGluZz0idXRmLTgiPz4KPCEtLSBHZW5lcmF0ZWQgYnkgSWNvTW9vbi5pbyAtLT4KPCFET0NUWVBFIHN2ZyBQVUJMSUMgIi0vL1czQy8vRFREIFNWRyAxLjEvL0VOIiAiaHR0cDovL3d3dy53My5vcmcvR3JhcGhpY3MvU1ZHLzEuMS9EVEQvc3ZnMTEuZHRkIj4KPHN2ZyB2ZXJzaW9uPSIxLjEiIHhtbG5zPSJodHRwOi8vd3d3LnczLm9yZy8yMDAwL3N2ZyIgeG1sbnM6eGxpbms9Imh0dHA6Ly93d3cudzMub3JnLzE5OTkveGxpbmsiIHdpZHRoPSI0OCIgaGVpZ2h0PSI0OCIgdmlld0JveD0iMCAwIDQ4IDQ4Ij4KPGcgaWQ9Imljb21vb24taWdub3JlIj4KCTxsaW5lIHN0cm9rZS13aWR0aD0iMSIgeDE9IiIgeTE9IiIgeDI9IiIgeTI9IiIgc3Ryb2tlPSIjNDQ5RkRCIiBvcGFjaXR5PSIiPjwvbGluZT4KPC9nPgoJPHBhdGggZD0iTTM4LjQ4IDkuMDcwYzAuMjQ4IDAgMC40NSAwLjIwMiAwLjQ1IDAuNDV2MjguOTU5YzAgMC4yNDgtMC4yMDIgMC40NS0wLjQ1IDAuNDVoLTI4Ljk1OWMtMC4yNDggMC0wLjQ1LTAuMjAyLTAuNDUtMC40NXYtMjguOTU5YzAtMC4yNDggMC4yMDItMC40NSAwLjQ1LTAuNDVoMjguOTU5ek0zOC40OCA4aC0yOC45NTljLTAuODQgMC0xLjUyIDAuNjgxLTEuNTIgMS41MjF2MjguOTU5YzAgMC44NCAwLjY4MSAxLjUyMSAxLjUyIDEuNTIxaDI4Ljk1OWMwLjg0IDAgMS41Mi0wLjY4MSAxLjUyLTEuNTIxdi0yOC45NTljMC0wLjg0LTAuNjgxLTEuNTIxLTEuNTItMS41MjF2MHoiIG9wYWNpdHk9IjEiIHZpc2liaWxpdHk9ImZhbHNlIiBmaWxsPSIjZDdkN2Q3Ij48L3BhdGg+Cgk8cGF0aCBkPSJNMTIuMjI4IDM1LjIyNHYtMy4zMjljMC0wLjE0NSAwLjA1OC0wLjI4NSAwLjE2LTAuMzg4bDUuNTg3LTUuNTg3YzAuMjE0LTAuMjE0IDAuNTYxLTAuMjE0IDAuNzc1IDBsMi4xMTkgMi4xMTljMC4yMTQgMC4yMTQgMC41NjEgMC4yMTQgMC43NzUgMGw4LjE5MS04LjE5MmMwLjIxNC0wLjIxNCAwLjU2MS0wLjIxNCAwLjc3NSAwbDUgNWMwLjEwMyAwLjEwMyAwLjE2IDAuMjQyIDAuMTYgMC4zODh2OS45ODhjMCAwLjMwMy0wLjI0NSAwLjU0OC0wLjU0OCAwLjU0OGgtMjIuNDQ3Yy0wLjMwMyAwLTAuNTQ4LTAuMjQ1LTAuNTQ4LTAuNTQ4eiIgb3BhY2l0eT0iMSIgdmlzaWJpbGl0eT0iZmFsc2UiIGZpbGw9IiNkN2Q3ZDciPjwvcGF0aD4KCTxwYXRoIGQ9Ik0yMS41NDQgMTcuOTY3YzAgMS45ODItMS42MDYgMy41ODgtMy41ODggMy41ODhzLTMuNTg4LTEuNjA2LTMuNTg4LTMuNTg4YzAtMS45ODEgMS42MDYtMy41ODggMy41ODgtMy41ODhzMy41ODggMS42MDYgMy41ODggMy41ODh6IiBvcGFjaXR5PSIxIiB2aXNpYmlsaXR5PSJmYWxzZSIgZmlsbD0iI2Q3ZDdkNyI+PC9wYXRoPgo8L3N2Zz4K" alt="Stop &amp; Shop Whole Vitamin D Milk" skeleton-box-size="9rem" class="product-grid-image object-contain"></div></div> <div class="mobile-product-list-cell_info"><div class="product-tile_detail"><div class="skeleton-loader_wrapper cursor-pointer"><div class="product-grid-cell_price-container product-grid-cell_price-container--mobile"><span class="product-grid-cell_main-price"><!---->
    $2.89
  </span> <!----></div> <!----></div> <!----></div> <div class="mobile-product-list-cell_name-content"><div class="skeleton-loader_wrapper"><div class="product-grid-cell_name"><a id="product-name-135681-16760862670304712" href="#" data-opens-modal="true" aria-haspopup="dialog" class="product-grid-cell_name-text product-grid-cell_name-text--clamp-2"><span class="vector-icon_inline-text--left mr-0"><div class="vector-icon-size--xsmall"><svg xmlns="http://www.w3.org/2000/svg" aria-label="Ahold Icon" viewBox="0 0 1024 945" role="presentation" aria-hidden="true" focusable="false" class=""><title lang="en">Ahold Icon</title><desc></desc><g fill="" stroke=""><g><path d="M1.893 730.617c-1.289-2.094-2.052-4.631-2.052-7.346 0-.747.058-1.481.169-2.197.158-12.396 10.227-22.466 22.687-22.634h895.306c12.476.168 22.545 10.237 22.713 22.698-.521 3.721-1.182 6.924-2.024 10.053l.131-.574c-86.363 175.072-263.598 293.385-468.466 293.385S88.254 905.689 3.252 733.663l-1.361-3.046z" fill="#F7A800" class="path1"></path> <path d="M107.889 132.495c1.893-1.893 1.893-3.786 3.786-5.678 2.98-3.491 7.385-5.69 12.303-5.69s9.323 2.199 12.284 5.668l.019.022L613.264 603.8c3.491 2.98 5.69 7.385 5.69 12.303s-2.199 9.323-5.668 12.284c-1.399 1.869-3.361 3.216-5.631 3.789l-.069.015c-38.446 13.732-82.796 21.669-129.001 21.669-108.416 0-206.626-43.699-277.977-114.443C130.241 467.591 86.799 369.1 86.799 260.462c0-45.803 7.722-89.803 21.936-130.767l-.845 2.8z" fill="#E2231A" class="path2"></path> <path d="M600.015 1.893a6.922 6.922 0 0 1 5.713-1.889c.057-.006.164-.007.272-.007 7.15 0 12.947 5.796 12.947 12.947 0 .108-.001.215-.004.322v-.016 503.482c.002.091.004.199.004.306 0 7.15-5.796 12.947-12.947 12.947-.108 0-.215-.001-.322-.004a6.925 6.925 0 0 1-5.665-1.895l.002.002c-98.273-48.542-164.673-148.065-164.673-263.098S501.743 50.434 598.306 2.657l1.709-.765z" fill="#712177" class="path3"></path> <path d="M938.824 283.919c1.893 0 1.893 1.893 3.786 1.893 1.765 2.012 2.841 4.666 2.841 7.571s-1.077 5.559-2.853 7.584l.011-.013-268.776 266.884c-2.012 1.765-4.666 2.841-7.571 2.841s-5.559-1.077-7.584-2.853a3.774 3.774 0 0 1-1.877-3.793l-.002.019c-7.681-21.529-12.12-46.363-12.12-72.235 0-61.263 24.891-116.712 65.111-156.786 39.326-39.792 93.895-64.431 154.219-64.431 26.857 0 52.573 4.884 76.309 13.812l-1.494-.493z" fill="#82BC00" class="path4"></path></g></g></svg></div></span>
    Stop &amp; Shop Whole Vitamin D Milk
  </a></div> <!----> <!----></div> <div class="skeleton-loader_wrapper"><div class="product-grid-cell_sizes"><span class="product-grid-cell_size">
    1/2 GALLON
  </span> <span aria-hidden="true">
    |
  </span> <!----> <span class="product-grid-cell_unit">
    $0.05 / OZ
  </span></div> <!----></div> <!----> <!----> <!----> <!----> <!----> <!----> <!----></div> <div class="mobile-product-list-cell_bottom"><div class="mobile-product-list-cell_bottom_cart-ui-wrapper"><!----> <!----> <div class="pdl-add-to-cart"><div class="pdl-add-to-cart_button"><button aria-label="Add to cart" data-product-id="135681" data-price="2.89" class="button button--add-to-cart">
      Add to cart
      <!----></button> <!----> <!----> <!----></div> <!----></div></div> <!----></div></div></div> <div class="product-tile_action-items"><!----> <!----> <div class="shopping-list-menu_container"><div class="relative-el"><button aria-label="add to shopping list" class="button pdl-product-detail_top-icon button--fourth pdl-product-detail_top-icon--borderless"><!----> <div class="vector-icon-size--large"><svg xmlns="http://www.w3.org/2000/svg" aria-label="Shopping List Icon Add" viewBox="0 0 32 32" role="presentation" aria-hidden="true" focusable="false" class="vector-icon-color--dark-grey"><title lang="en">Shopping List Icon Add</title><desc></desc><g fill="" stroke=""><g><path d="M21.94066,15.3368884 L21.94066,12.8931995 C21.94066,12.3409148 22.3883752,11.8931995 22.94066,11.8931995 C23.4929447,11.8931995 23.94066,12.3409148 23.94066,12.8931995 L23.94066,15.3368884 L26.2522624,15.3368884 C26.8045471,15.3368884 27.2522624,15.7846037 27.2522624,16.3368884 C27.2522624,16.8891732 26.8045471,17.3368884 26.2522624,17.3368884 L23.94066,17.3368884 L23.94066,19.8787952 C23.94066,20.43108 23.4929447,20.8787952 22.94066,20.8787952 C22.3883752,20.8787952 21.94066,20.43108 21.94066,19.8787952 L21.94066,17.3368884 L19.2666667,17.3368884 C18.7143819,17.3368884 18.2666667,16.8891732 18.2666667,16.3368884 C18.2666667,15.7846037 18.7143819,15.3368884 19.2666667,15.3368884 L21.94066,15.3368884 Z M8,12 C7.44771525,12 7,11.5522847 7,11 C7,10.4477153 7.44771525,10 8,10 L19.1153581,10 C19.6676429,10 20.1153581,10.4477153 20.1153581,11 C20.1153581,11.5522847 19.6676429,12 19.1153581,12 L8,12 Z M8,17.3368884 C7.44771525,17.3368884 7,16.8891732 7,16.3368884 C7,15.7846037 7.44771525,15.3368884 8,15.3368884 L14.7200696,15.3368884 C15.2723543,15.3368884 15.7200696,15.7846037 15.7200696,16.3368884 C15.7200696,16.8891732 15.2723543,17.3368884 14.7200696,17.3368884 L8,17.3368884 Z M8,23 C7.44771525,23 7,22.5522847 7,22 C7,21.4477153 7.44771525,21 8,21 L19.1153581,21 C19.6676429,21 20.1153581,21.4477153 20.1153581,22 C20.1153581,22.5522847 19.6676429,23 19.1153581,23 L8,23 Z" fill="#000000" fill-rule="nonzero"></path></g></g></svg></div> <div class="pdl-product-detail_list-tooltip"><p>Add item to shopping list</p> <em></em></div></button></div></div></div> <!----></li> <!----><!----> <!----> <!----> <!----> <li tabindex="-1" data-product-id="138039" class="slot mobile-product-list-cell"><!----> <!----> <!----> <!----> <div class="mobile-product-list-cell_content"><div><!----> <div class="flag_outer-container"><!----> <!----> <!----> <!----></div></div> <div class="mobile-product-list-cell_left"><div><!----> <img src="data:image/svg+xml;base64,PD94bWwgdmVyc2lvbj0iMS4wIiBlbmNvZGluZz0idXRmLTgiPz4KPCEtLSBHZW5lcmF0ZWQgYnkgSWNvTW9vbi5pbyAtLT4KPCFET0NUWVBFIHN2ZyBQVUJMSUMgIi0vL1czQy8vRFREIFNWRyAxLjEvL0VOIiAiaHR0cDovL3d3dy53My5vcmcvR3JhcGhpY3MvU1ZHLzEuMS9EVEQvc3ZnMTEuZHRkIj4KPHN2ZyB2ZXJzaW9uPSIxLjEiIHhtbG5zPSJodHRwOi8vd3d3LnczLm9yZy8yMDAwL3N2ZyIgeG1sbnM6eGxpbms9Imh0dHA6Ly93d3cudzMub3JnLzE5OTkveGxpbmsiIHdpZHRoPSI0OCIgaGVpZ2h0PSI0OCIgdmlld0JveD0iMCAwIDQ4IDQ4Ij4KPGcgaWQ9Imljb21vb24taWdub3JlIj4KCTxsaW5lIHN0cm9rZS13aWR0aD0iMSIgeDE9IiIgeTE9IiIgeDI9IiIgeTI9IiIgc3Ryb2tlPSIjNDQ5RkRCIiBvcGFjaXR5PSIiPjwvbGluZT4KPC9nPgoJPHBhdGggZD0iTTM4LjQ4IDkuMDcwYzAuMjQ4IDAgMC40NSAwLjIwMiAwLjQ1IDAuNDV2MjguOTU5YzAgMC4yNDgtMC4yMDIgMC40NS0wLjQ1IDAuNDVoLTI4Ljk1OWMtMC4yNDggMC0wLjQ1LTAuMjAyLTAuNDUtMC40NXYtMjguOTU5YzAtMC4yNDggMC4yMDItMC40NSAwLjQ1LTAuNDVoMjguOTU5ek0zOC40OCA4aC0yOC45NTljLTAuODQgMC0xLjUyIDAuNjgxLTEuNTIgMS41MjF2MjguOTU5YzAgMC44NCAwLjY4MSAxLjUyMSAxLjUyIDEuNTIxaDI4Ljk1OWMwLjg0IDAgMS41Mi0wLjY4MSAxLjUyLTEuNTIxdi0yOC45NTljMC0wLjg0LTAuNjgxLTEuNTIxLTEuNTItMS41MjF2MHoiIG9wYWNpdHk9IjEiIHZpc2liaWxpdHk9ImZhbHNlIiBmaWxsPSIjZDdkN2Q3Ij48L3BhdGg+Cgk8cGF0aCBkPSJNMTIuMjI4IDM1LjIyNHYtMy4zMjljMC0wLjE0NSAwLjA1OC0wLjI4NSAwLjE2LTAuMzg4bDUuNTg3LTUuNTg3YzAuMjE0LTAuMjE0IDAuNTYxLTAuMjE0IDAuNzc1IDBsMi4xMTkgMi4xMTljMC4yMTQgMC4yMTQgMC41NjEgMC4yMTQgMC43NzUgMGw4LjE5MS04LjE5MmMwLjIxNC0wLjIxNCAwLjU2MS0wLjIxNCAwLjc3NSAwbDUgNWMwLjEwMyAwLjEwMyAwLjE2IDAuMjQyIDAuMTYgMC4zODh2OS45ODhjMCAwLjMwMy0wLjI0NSAwLjU0OC0wLjU0OCAwLjU0OGgtMjIuNDQ3Yy0wLjMwMyAwLTAuNTQ4LTAuMjQ1LTAuNTQ4LTAuNTQ4eiIgb3BhY2l0eT0iMSIgdmlzaWJpbGl0eT0iZmFsc2UiIGZpbGw9IiNkN2Q3ZDciPjwvcGF0aD4KCTxwYXRoIGQ9Ik0yMS41NDQgMTcuOTY3YzAgMS45ODItMS42MDYgMy41ODgtMy41ODggMy41ODhzLTMuNTg4LTEuNjA2LTMuNTg4LTMuNTg4YzAtMS45ODEgMS42MDYtMy41ODggMy41ODgtMy41ODhzMy41ODggMS42MDYgMy41ODggMy41ODh6IiBvcGFjaXR5PSIxIiB2aXNpYmlsaXR5PSJmYWxzZSIgZmlsbD0iI2Q3ZDdkNyI+PC9wYXRoPgo8L3N2Zz4K" alt="Coca-Cola Zero Sugar Cola Soda - 12 pk" skeleton-box-size="9rem" class="product-grid-image object-contain"></div></div> <div class="mobile-product-list-cell_info"><div class="product-tile_detail"><div class="skeleton-loader_wrapper cursor-pointer"><div class="product-grid-cell_price-container product-grid-cell_price-container--mobile"><span class="product-grid-cell_main-price"><!---->
    $9.49
  </span> <!----></div> <!----></div> <!----></div> <div class="mobile-product-list-cell_name-content"><div class="skeleton-loader_wrapper"><div class="product-grid-cell_name"><a id="product-name-138039-16760862670326047" href="#" data-opens-modal="true" aria-haspopup="dialog" class="product-grid-cell_name-text product-grid-cell_name-text--clamp-2"><!---->
    Coca-Cola Zero Sugar Cola Soda - 12 pk
  </a></div> <!----> <!----></div> <div class="skeleton-loader_wrapper"><div class="product-grid-cell_sizes"><span class="product-grid-cell_size">
    12 OZ CAN
  </span> <span aria-hidden="true">
    |
  </span> <!----> <span class="product-grid-cell_unit">
    $0.07 / OZ
  </span></div> <!----></div> <!----> <div id="coupon-link-138039-16760862670326047" tabindex="0" role="link" aria-label="Open coupon details" data-opens-modal="true" class="product-tile_coupon-offer product-tile_coupon-offer-eci product-tile_coupon-offer--mobile" is-mobile="true"><div class="product-tile_coupon-offer-display"><!----> <div class="vector-icon_mobile-center"><!----></div> <div class="product-tile_coupon-offer-name flex-center product-tile_coupon-offer-name--full-tile"><!---->
      Buy 2 Get 1 FREE
    </div></div> <!----> <div class="product-tile_coupon-offer-loading-coupon"><!----></div></div> <!----> <!----> <!----> <!----> <!----></div> <div class="mobile-product-list-cell_bottom"><div class="mobile-product-list-cell_bottom_cart-ui-wrapper"><!----> <!----> <div class="pdl-add-to-cart"><div class="pdl-add-to-cart_button"><button aria-label="Add to cart" data-product-id="138039" data-price="9.49" class="button button--add-to-cart">
      Add to cart
      <!----></button> <!----> <!----> <!----></div> <!----></div></div> <!----></div></div></div> <div class="product-tile_action-items"><!----> <!----> <div class="shopping-list-menu_container"><div class="relative-el"><button aria-label="add to shopping list" class="button pdl-product-detail_top-icon button--fourth pdl-product-detail_top-icon--borderless"><!----> <div class="vector-icon-size--large"><svg xmlns="http://www.w3.org/2000/svg" aria-label="Shopping List Icon Add" viewBox="0 0 32 32" role="presentation" aria-hidden="true" focusable="false" class="vector-icon-color--dark-grey"><title lang="en">Shopping List Icon Add</title><desc></desc><g fill="" stroke=""><g><path d="M21.94066,15.3368884 L21.94066,12.8931995 C21.94066,12.3409148 22.3883752,11.8931995 22.94066,11.8931995 C23.4929447,11.8931995 23.94066,12.3409148 23.94066,12.8931995 L23.94066,15.3368884 L26.2522624,15.3368884 C26.8045471,15.3368884 27.2522624,15.7846037 27.2522624,16.3368884 C27.2522624,16.8891732 26.8045471,17.3368884 26.2522624,17.3368884 L23.94066,17.3368884 L23.94066,19.8787952 C23.94066,20.43108 23.4929447,20.8787952 22.94066,20.8787952 C22.3883752,20.8787952 21.94066,20.43108 21.94066,19.8787952 L21.94066,17.3368884 L19.2666667,17.3368884 C18.7143819,17.3368884 18.2666667,16.8891732 18.2666667,16.3368884 C18.2666667,15.7846037 18.7143819,15.3368884 19.2666667,15.3368884 L21.94066,15.3368884 Z M8,12 C7.44771525,12 7,11.5522847 7,11 C7,10.4477153 7.44771525,10 8,10 L19.1153581,10 C19.6676429,10 20.1153581,10.4477153 20.1153581,11 C20.1153581,11.5522847 19.6676429,12 19.1153581,12 L8,12 Z M8,17.3368884 C7.44771525,17.3368884 7,16.8891732 7,16.3368884 C7,15.7846037 7.44771525,15.3368884 8,15.3368884 L14.7200696,15.3368884 C15.2723543,15.3368884 15.7200696,15.7846037 15.7200696,16.3368884 C15.7200696,16.8891732 15.2723543,17.3368884 14.7200696,17.3368884 L8,17.3368884 Z M8,23 C7.44771525,23 7,22.5522847 7,22 C7,21.4477153 7.44771525,21 8,21 L19.1153581,21 C19.6676429,21 20.1153581,21.4477153 20.1153581,22 C20.1153581,22.5522847 19.6676429,23 19.1153581,23 L8,23 Z" fill="#000000" fill-rule="nonzero"></path></g></g></svg></div> <div class="pdl-product-detail_list-tooltip"><p>Add item to shopping list</p> <em></em></div></button></div></div></div> <!----></li> <!----><!----> <!----> <!----> <!----> <li tabindex="-1" data-product-id="226290" class="slot mobile-product-list-cell"><!----> <!----> <!----> <!----> <div class="mobile-product-list-cell_content"><div><!----> <div class="flag_outer-container"><!----> <!----> <!----> <!----></div></div> <div class="mobile-product-list-cell_left"><div><!----> <img src="data:image/svg+xml;base64,PD94bWwgdmVyc2lvbj0iMS4wIiBlbmNvZGluZz0idXRmLTgiPz4KPCEtLSBHZW5lcmF0ZWQgYnkgSWNvTW9vbi5pbyAtLT4KPCFET0NUWVBFIHN2ZyBQVUJMSUMgIi0vL1czQy8vRFREIFNWRyAxLjEvL0VOIiAiaHR0cDovL3d3dy53My5vcmcvR3JhcGhpY3MvU1ZHLzEuMS9EVEQvc3ZnMTEuZHRkIj4KPHN2ZyB2ZXJzaW9uPSIxLjEiIHhtbG5zPSJodHRwOi8vd3d3LnczLm9yZy8yMDAwL3N2ZyIgeG1sbnM6eGxpbms9Imh0dHA6Ly93d3cudzMub3JnLzE5OTkveGxpbmsiIHdpZHRoPSI0OCIgaGVpZ2h0PSI0OCIgdmlld0JveD0iMCAwIDQ4IDQ4Ij4KPGcgaWQ9Imljb21vb24taWdub3JlIj4KCTxsaW5lIHN0cm9rZS13aWR0aD0iMSIgeDE9IiIgeTE9IiIgeDI9IiIgeTI9IiIgc3Ryb2tlPSIjNDQ5RkRCIiBvcGFjaXR5PSIiPjwvbGluZT4KPC9nPgoJPHBhdGggZD0iTTM4LjQ4IDkuMDcwYzAuMjQ4IDAgMC40NSAwLjIwMiAwLjQ1IDAuNDV2MjguOTU5YzAgMC4yNDgtMC4yMDIgMC40NS0wLjQ1IDAuNDVoLTI4Ljk1OWMtMC4yNDggMC0wLjQ1LTAuMjAyLTAuNDUtMC40NXYtMjguOTU5YzAtMC4yNDggMC4yMDItMC40NSAwLjQ1LTAuNDVoMjguOTU5ek0zOC40OCA4aC0yOC45NTljLTAuODQgMC0xLjUyIDAuNjgxLTEuNTIgMS41MjF2MjguOTU5YzAgMC44NCAwLjY4MSAxLjUyMSAxLjUyIDEuNTIxaDI4Ljk1OWMwLjg0IDAgMS41Mi0wLjY4MSAxLjUyLTEuNTIxdi0yOC45NTljMC0wLjg0LTAuNjgxLTEuNTIxLTEuNTItMS41MjF2MHoiIG9wYWNpdHk9IjEiIHZpc2liaWxpdHk9ImZhbHNlIiBmaWxsPSIjZDdkN2Q3Ij48L3BhdGg+Cgk8cGF0aCBkPSJNMTIuMjI4IDM1LjIyNHYtMy4zMjljMC0wLjE0NSAwLjA1OC0wLjI4NSAwLjE2LTAuMzg4bDUuNTg3LTUuNTg3YzAuMjE0LTAuMjE0IDAuNTYxLTAuMjE0IDAuNzc1IDBsMi4xMTkgMi4xMTljMC4yMTQgMC4yMTQgMC41NjEgMC4yMTQgMC43NzUgMGw4LjE5MS04LjE5MmMwLjIxNC0wLjIxNCAwLjU2MS0wLjIxNCAwLjc3NSAwbDUgNWMwLjEwMyAwLjEwMyAwLjE2IDAuMjQyIDAuMTYgMC4zODh2OS45ODhjMCAwLjMwMy0wLjI0NSAwLjU0OC0wLjU0OCAwLjU0OGgtMjIuNDQ3Yy0wLjMwMyAwLTAuNTQ4LTAuMjQ1LTAuNTQ4LTAuNTQ4eiIgb3BhY2l0eT0iMSIgdmlzaWJpbGl0eT0iZmFsc2UiIGZpbGw9IiNkN2Q3ZDciPjwvcGF0aD4KCTxwYXRoIGQ9Ik0yMS41NDQgMTcuOTY3YzAgMS45ODItMS42MDYgMy41ODgtMy41ODggMy41ODhzLTMuNTg4LTEuNjA2LTMuNTg4LTMuNTg4YzAtMS45ODEgMS42MDYtMy41ODggMy41ODgtMy41ODhzMy41ODggMS42MDYgMy41ODggMy41ODh6IiBvcGFjaXR5PSIxIiB2aXNpYmlsaXR5PSJmYWxzZSIgZmlsbD0iI2Q3ZDdkNyI+PC9wYXRoPgo8L3N2Zz4K" alt="Stop &amp; Shop Baby Medley Potatoes" skeleton-box-size="9rem" class="product-grid-image object-contain"></div></div> <div class="mobile-product-list-cell_info"><div class="product-tile_detail"><div class="skeleton-loader_wrapper cursor-pointer"><div class="product-grid-cell_price-container product-grid-cell_price-container--mobile"><span class="product-grid-cell_main-price"><!---->
    $3.99
  </span> <!----></div> <!----></div> <!----></div> <div class="mobile-product-list-cell_name-content"><div class="skeleton-loader_wrapper"><div class="product-grid-cell_name"><a id="product-name-226290-16760862670356285" href="#" data-opens-modal="true" aria-haspopup="dialog" class="product-grid-cell_name-text product-grid-cell_name-text--clamp-2"><span class="vector-icon_inline-text--left mr-0"><div class="vector-icon-size--xsmall"><svg xmlns="http://www.w3.org/2000/svg" aria-label="Ahold Icon" viewBox="0 0 1024 945" role="presentation" aria-hidden="true" focusable="false" class=""><title lang="en">Ahold Icon</title><desc></desc><g fill="" stroke=""><g><path d="M1.893 730.617c-1.289-2.094-2.052-4.631-2.052-7.346 0-.747.058-1.481.169-2.197.158-12.396 10.227-22.466 22.687-22.634h895.306c12.476.168 22.545 10.237 22.713 22.698-.521 3.721-1.182 6.924-2.024 10.053l.131-.574c-86.363 175.072-263.598 293.385-468.466 293.385S88.254 905.689 3.252 733.663l-1.361-3.046z" fill="#F7A800" class="path1"></path> <path d="M107.889 132.495c1.893-1.893 1.893-3.786 3.786-5.678 2.98-3.491 7.385-5.69 12.303-5.69s9.323 2.199 12.284 5.668l.019.022L613.264 603.8c3.491 2.98 5.69 7.385 5.69 12.303s-2.199 9.323-5.668 12.284c-1.399 1.869-3.361 3.216-5.631 3.789l-.069.015c-38.446 13.732-82.796 21.669-129.001 21.669-108.416 0-206.626-43.699-277.977-114.443C130.241 467.591 86.799 369.1 86.799 260.462c0-45.803 7.722-89.803 21.936-130.767l-.845 2.8z" fill="#E2231A" class="path2"></path> <path d="M600.015 1.893a6.922 6.922 0 0 1 5.713-1.889c.057-.006.164-.007.272-.007 7.15 0 12.947 5.796 12.947 12.947 0 .108-.001.215-.004.322v-.016 503.482c.002.091.004.199.004.306 0 7.15-5.796 12.947-12.947 12.947-.108 0-.215-.001-.322-.004a6.925 6.925 0 0 1-5.665-1.895l.002.002c-98.273-48.542-164.673-148.065-164.673-263.098S501.743 50.434 598.306 2.657l1.709-.765z" fill="#712177" class="path3"></path> <path d="M938.824 283.919c1.893 0 1.893 1.893 3.786 1.893 1.765 2.012 2.841 4.666 2.841 7.571s-1.077 5.559-2.853 7.584l.011-.013-268.776 266.884c-2.012 1.765-4.666 2.841-7.571 2.841s-5.559-1.077-7.584-2.853a3.774 3.774 0 0 1-1.877-3.793l-.002.019c-7.681-21.529-12.12-46.363-12.12-72.235 0-61.263 24.891-116.712 65.111-156.786 39.326-39.792 93.895-64.431 154.219-64.431 26.857 0 52.573 4.884 76.309 13.812l-1.494-.493z" fill="#82BC00" class="path4"></path></g></g></svg></div></span>
    Stop &amp; Shop Baby Medley Potatoes
  </a></div> <!----> <!----></div> <div class="skeleton-loader_wrapper"><div class="product-grid-cell_sizes"><span class="product-grid-cell_size">
    24 OZ BAG
  </span> <span aria-hidden="true">
    |
  </span> <!----> <span class="product-grid-cell_unit">
    $0.17 / OZ
  </span></div> <!----></div> <!----> <!----> <!----> <!----> <!----> <!----> <!----></div> <div class="mobile-product-list-cell_bottom"><div class="mobile-product-list-cell_bottom_cart-ui-wrapper"><!----> <!----> <div class="pdl-add-to-cart"><div class="pdl-add-to-cart_button"><button aria-label="Add to cart" data-product-id="226290" data-price="3.99" class="button button--add-to-cart">
      Add to cart
      <!----></button> <!----> <!----> <!----></div> <!----></div></div> <!----></div></div></div> <div class="product-tile_action-items"><!----> <!----> <div class="shopping-list-menu_container"><div class="relative-el"><button aria-label="add to shopping list" class="button pdl-product-detail_top-icon button--fourth pdl-product-detail_top-icon--borderless"><!----> <div class="vector-icon-size--large"><svg xmlns="http://www.w3.org/2000/svg" aria-label="Shopping List Icon Add" viewBox="0 0 32 32" role="presentation" aria-hidden="true" focusable="false" class="vector-icon-color--dark-grey"><title lang="en">Shopping List Icon Add</title><desc></desc><g fill="" stroke=""><g><path d="M21.94066,15.3368884 L21.94066,12.8931995 C21.94066,12.3409148 22.3883752,11.8931995 22.94066,11.8931995 C23.4929447,11.8931995 23.94066,12.3409148 23.94066,12.8931995 L23.94066,15.3368884 L26.2522624,15.3368884 C26.8045471,15.3368884 27.2522624,15.7846037 27.2522624,16.3368884 C27.2522624,16.8891732 26.8045471,17.3368884 26.2522624,17.3368884 L23.94066,17.3368884 L23.94066,19.8787952 C23.94066,20.43108 23.4929447,20.8787952 22.94066,20.8787952 C22.3883752,20.8787952 21.94066,20.43108 21.94066,19.8787952 L21.94066,17.3368884 L19.2666667,17.3368884 C18.7143819,17.3368884 18.2666667,16.8891732 18.2666667,16.3368884 C18.2666667,15.7846037 18.7143819,15.3368884 19.2666667,15.3368884 L21.94066,15.3368884 Z M8,12 C7.44771525,12 7,11.5522847 7,11 C7,10.4477153 7.44771525,10 8,10 L19.1153581,10 C19.6676429,10 20.1153581,10.4477153 20.1153581,11 C20.1153581,11.5522847 19.6676429,12 19.1153581,12 L8,12 Z M8,17.3368884 C7.44771525,17.3368884 7,16.8891732 7,16.3368884 C7,15.7846037 7.44771525,15.3368884 8,15.3368884 L14.7200696,15.3368884 C15.2723543,15.3368884 15.7200696,15.7846037 15.7200696,16.3368884 C15.7200696,16.8891732 15.2723543,17.3368884 14.7200696,17.3368884 L8,17.3368884 Z M8,23 C7.44771525,23 7,22.5522847 7,22 C7,21.4477153 7.44771525,21 8,21 L19.1153581,21 C19.6676429,21 20.1153581,21.4477153 20.1153581,22 C20.1153581,22.5522847 19.6676429,23 19.1153581,23 L8,23 Z" fill="#000000" fill-rule="nonzero"></path></g></g></svg></div> <div class="pdl-product-detail_list-tooltip"><p>Add item to shopping list</p> <em></em></div></button></div></div></div> <!----></li> <!----><!----> <!----> <!----> <!----> <li tabindex="-1" data-product-id="110892" class="slot mobile-product-list-cell"><!----> <!----> <!----> <!----> <div class="mobile-product-list-cell_content"><div><!----> <div class="flag_outer-container"><div class=""><svg xmlns="http://www.w3.org/2000/svg" aria-label="Sale" viewBox="0 0 32 32" role="presentation" aria-hidden="true" focusable="false" class="w-20 ml-3"><title lang="en">Sale</title><desc></desc><g fill="" stroke=""><g><path d="M16.56 19.87a3.81 3.81 0 0 1-1-.13l-13.39-3.5a1.5 1.5 0 0 1-1.12-1.34l-.81-11a1.52 1.52 0 0 1 1.39-1.61l27.69-2h.11a1.51 1.51 0 0 1 1.5 1.4l.82 11a1.52 1.52 0 0 1-.91 1.5l-12.72 5.36a3.79 3.79 0 0 1-1.56.32Z" fill="#ed1256"></path><path fill="#fff" d="M29.43.48a1.26 1.26 0 0 1 1.26 1.17l.82 11a1.27 1.27 0 0 1-.76 1.26L18 19.34a3.72 3.72 0 0 1-1.47.3 3.79 3.79 0 0 1-.94-.12L2.24 16a1.27 1.27 0 0 1-1-1.13l-.81-11a1.26 1.26 0 0 1 1.22-1.33L29.34.48h.09m0-.48h-.13L1.62 2A1.76 1.76 0 0 0 0 3.92l.82 11a1.73 1.73 0 0 0 1.3 1.55L15.5 20a4.3 4.3 0 0 0 1.07.14 4.24 4.24 0 0 0 1.65-.34l12.72-5.44A1.76 1.76 0 0 0 32 12.59l-.82-11A1.76 1.76 0 0 0 29.43 0Z"></path><path fill="#fff" d="M3.74 9.87a3 3 0 0 0 .82.55 2.21 2.21 0 0 0 1.08.19 1.6 1.6 0 0 0 .29 0 1 1 0 0 0 .26-.12.58.58 0 0 0 .18-.2.62.62 0 0 0 0-.31.59.59 0 0 0-.32-.49 3.38 3.38 0 0 0-.85-.34L4.84 9a4.19 4.19 0 0 1-.69-.26 2.44 2.44 0 0 1-.63-.41 1.92 1.92 0 0 1-.7-1.42 2.68 2.68 0 0 1 .1-1A2.2 2.2 0 0 1 3.39 5a2.42 2.42 0 0 1 .82-.6 3.15 3.15 0 0 1 1.17-.28 3.68 3.68 0 0 1 1.72.24 3 3 0 0 1 .57.29A2.66 2.66 0 0 1 8 5l-.82 1.37a4.42 4.42 0 0 0-.82-.45 2 2 0 0 0-.85-.13 1.4 1.4 0 0 0-.28.06A.9.9 0 0 0 5 6a.62.62 0 0 0-.16.2.5.5 0 0 0 0 .28.6.6 0 0 0 .1.31.68.68 0 0 0 .24.2 1.27 1.27 0 0 0 .35.15l.43.13.35.09a7.49 7.49 0 0 1 .69.22 2.2 2.2 0 0 1 .72.42 2.46 2.46 0 0 1 .54.68 2.31 2.31 0 0 1 .27 1 2.15 2.15 0 0 1-.15 1 2.53 2.53 0 0 1-.56.84 2.77 2.77 0 0 1-.88.59 4 4 0 0 1-1.11.27A4.67 4.67 0 0 1 4 12.25a3.79 3.79 0 0 1-1.28-.75ZM11.29 3.89l2.17-.16 3.1 7.7-2 .15L14 10l-2.39.18-.35 1.67-2 .14Zm2.15 4.6-1-2.84-.61 2.95ZM17 3.47l1.89-.14.44 6 3.3-.25.16 1.92-5.19.39ZM23.36 3l5.13-.38.13 1.8-3.24.24.09 1.22 2.66-.2.12 1.7-2.65.2.09 1.35 3.46-.26.13 1.81-5.34.4Z"></path></g></g></svg></div> <!----> <!----> <!----></div></div> <div class="mobile-product-list-cell_left"><div><!----> <img src="data:image/svg+xml;base64,PD94bWwgdmVyc2lvbj0iMS4wIiBlbmNvZGluZz0idXRmLTgiPz4KPCEtLSBHZW5lcmF0ZWQgYnkgSWNvTW9vbi5pbyAtLT4KPCFET0NUWVBFIHN2ZyBQVUJMSUMgIi0vL1czQy8vRFREIFNWRyAxLjEvL0VOIiAiaHR0cDovL3d3dy53My5vcmcvR3JhcGhpY3MvU1ZHLzEuMS9EVEQvc3ZnMTEuZHRkIj4KPHN2ZyB2ZXJzaW9uPSIxLjEiIHhtbG5zPSJodHRwOi8vd3d3LnczLm9yZy8yMDAwL3N2ZyIgeG1sbnM6eGxpbms9Imh0dHA6Ly93d3cudzMub3JnLzE5OTkveGxpbmsiIHdpZHRoPSI0OCIgaGVpZ2h0PSI0OCIgdmlld0JveD0iMCAwIDQ4IDQ4Ij4KPGcgaWQ9Imljb21vb24taWdub3JlIj4KCTxsaW5lIHN0cm9rZS13aWR0aD0iMSIgeDE9IiIgeTE9IiIgeDI9IiIgeTI9IiIgc3Ryb2tlPSIjNDQ5RkRCIiBvcGFjaXR5PSIiPjwvbGluZT4KPC9nPgoJPHBhdGggZD0iTTM4LjQ4IDkuMDcwYzAuMjQ4IDAgMC40NSAwLjIwMiAwLjQ1IDAuNDV2MjguOTU5YzAgMC4yNDgtMC4yMDIgMC40NS0wLjQ1IDAuNDVoLTI4Ljk1OWMtMC4yNDggMC0wLjQ1LTAuMjAyLTAuNDUtMC40NXYtMjguOTU5YzAtMC4yNDggMC4yMDItMC40NSAwLjQ1LTAuNDVoMjguOTU5ek0zOC40OCA4aC0yOC45NTljLTAuODQgMC0xLjUyIDAuNjgxLTEuNTIgMS41MjF2MjguOTU5YzAgMC44NCAwLjY4MSAxLjUyMSAxLjUyIDEuNTIxaDI4Ljk1OWMwLjg0IDAgMS41Mi0wLjY4MSAxLjUyLTEuNTIxdi0yOC45NTljMC0wLjg0LTAuNjgxLTEuNTIxLTEuNTItMS41MjF2MHoiIG9wYWNpdHk9IjEiIHZpc2liaWxpdHk9ImZhbHNlIiBmaWxsPSIjZDdkN2Q3Ij48L3BhdGg+Cgk8cGF0aCBkPSJNMTIuMjI4IDM1LjIyNHYtMy4zMjljMC0wLjE0NSAwLjA1OC0wLjI4NSAwLjE2LTAuMzg4bDUuNTg3LTUuNTg3YzAuMjE0LTAuMjE0IDAuNTYxLTAuMjE0IDAuNzc1IDBsMi4xMTkgMi4xMTljMC4yMTQgMC4yMTQgMC41NjEgMC4yMTQgMC43NzUgMGw4LjE5MS04LjE5MmMwLjIxNC0wLjIxNCAwLjU2MS0wLjIxNCAwLjc3NSAwbDUgNWMwLjEwMyAwLjEwMyAwLjE2IDAuMjQyIDAuMTYgMC4zODh2OS45ODhjMCAwLjMwMy0wLjI0NSAwLjU0OC0wLjU0OCAwLjU0OGgtMjIuNDQ3Yy0wLjMwMyAwLTAuNTQ4LTAuMjQ1LTAuNTQ4LTAuNTQ4eiIgb3BhY2l0eT0iMSIgdmlzaWJpbGl0eT0iZmFsc2UiIGZpbGw9IiNkN2Q3ZDciPjwvcGF0aD4KCTxwYXRoIGQ9Ik0yMS41NDQgMTcuOTY3YzAgMS45ODItMS42MDYgMy41ODgtMy41ODggMy41ODhzLTMuNTg4LTEuNjA2LTMuNTg4LTMuNTg4YzAtMS45ODEgMS42MDYtMy41ODggMy41ODgtMy41ODhzMy41ODggMS42MDYgMy41ODggMy41ODh6IiBvcGFjaXR5PSIxIiB2aXNpYmlsaXR5PSJmYWxzZSIgZmlsbD0iI2Q3ZDdkNyI+PC9wYXRoPgo8L3N2Zz4K" alt="Entenmann's Little Bites Mini Muffins Blueberry - 5 ct" skeleton-box-size="9rem" class="product-grid-image object-contain"></div></div> <div class="mobile-product-list-cell_info"><div class="product-tile_detail"><div class="skeleton-loader_wrapper cursor-pointer"><div class="product-grid-cell_price-container product-grid-cell_price-container_column product-grid-cell_price-container--mobile"><span class="product-grid-cell_main-price product-grid-cell_main-price--on-sale"><span class="sr-only">
      Sale Price
    </span>
    $4.99
  </span> <div class="product-grid-cell_was-container"><span class="product-grid-cell_regular-price product-grid-cell_regular-price--small"><span class="sr-only">
        Original Price
      </span>
      $5.79
    </span></div></div> <!----></div> <!----></div> <div class="mobile-product-list-cell_name-content"><div class="skeleton-loader_wrapper"><div class="product-grid-cell_name"><a id="product-name-110892-16760862670380433" href="#" data-opens-modal="true" aria-haspopup="dialog" class="product-grid-cell_name-text product-grid-cell_name-text--clamp-2"><!---->
    Entenmann's Little Bites Mini Muffins Blueberry - 5 ct
  </a></div> <!----> <!----></div> <div class="skeleton-loader_wrapper"><div class="product-grid-cell_sizes"><span class="product-grid-cell_size">
    8.25 OZ BOX
  </span> <span aria-hidden="true">
    |
  </span> <!----> <span class="product-grid-cell_unit">
    $0.60 / OZ
  </span></div> <!----></div> <!----> <!----> <!----> <!----> <!----> <!----> <!----></div> <div class="mobile-product-list-cell_bottom"><div class="mobile-product-list-cell_bottom_cart-ui-wrapper"><!----> <!----> <div class="pdl-add-to-cart"><div class="pdl-add-to-cart_button"><button aria-label="Add to cart" data-product-id="110892" data-price="4.99" class="button button--add-to-cart add-sale">
      Add to cart
      <!----></button> <!----> <!----> <!----></div> <!----></div></div> <!----></div></div></div> <div class="product-tile_action-items"><!----> <!----> <div class="shopping-list-menu_container"><div class="relative-el"><button aria-label="add to shopping list" class="button pdl-product-detail_top-icon button--fourth pdl-product-detail_top-icon--borderless"><!----> <div class="vector-icon-size--large"><svg xmlns="http://www.w3.org/2000/svg" aria-label="Shopping List Icon Add" viewBox="0 0 32 32" role="presentation" aria-hidden="true" focusable="false" class="vector-icon-color--dark-grey"><title lang="en">Shopping List Icon Add</title><desc></desc><g fill="" stroke=""><g><path d="M21.94066,15.3368884 L21.94066,12.8931995 C21.94066,12.3409148 22.3883752,11.8931995 22.94066,11.8931995 C23.4929447,11.8931995 23.94066,12.3409148 23.94066,12.8931995 L23.94066,15.3368884 L26.2522624,15.3368884 C26.8045471,15.3368884 27.2522624,15.7846037 27.2522624,16.3368884 C27.2522624,16.8891732 26.8045471,17.3368884 26.2522624,17.3368884 L23.94066,17.3368884 L23.94066,19.8787952 C23.94066,20.43108 23.4929447,20.8787952 22.94066,20.8787952 C22.3883752,20.8787952 21.94066,20.43108 21.94066,19.8787952 L21.94066,17.3368884 L19.2666667,17.3368884 C18.7143819,17.3368884 18.2666667,16.8891732 18.2666667,16.3368884 C18.2666667,15.7846037 18.7143819,15.3368884 19.2666667,15.3368884 L21.94066,15.3368884 Z M8,12 C7.44771525,12 7,11.5522847 7,11 C7,10.4477153 7.44771525,10 8,10 L19.1153581,10 C19.6676429,10 20.1153581,10.4477153 20.1153581,11 C20.1153581,11.5522847 19.6676429,12 19.1153581,12 L8,12 Z M8,17.3368884 C7.44771525,17.3368884 7,16.8891732 7,16.3368884 C7,15.7846037 7.44771525,15.3368884 8,15.3368884 L14.7200696,15.3368884 C15.2723543,15.3368884 15.7200696,15.7846037 15.7200696,16.3368884 C15.7200696,16.8891732 15.2723543,17.3368884 14.7200696,17.3368884 L8,17.3368884 Z M8,23 C7.44771525,23 7,22.5522847 7,22 C7,21.4477153 7.44771525,21 8,21 L19.1153581,21 C19.6676429,21 20.1153581,21.4477153 20.1153581,22 C20.1153581,22.5522847 19.6676429,23 19.1153581,23 L8,23 Z" fill="#000000" fill-rule="nonzero"></path></g></g></svg></div> <div class="pdl-product-detail_list-tooltip"><p>Add item to shopping list</p> <em></em></div></button></div></div></div> <!----></li> <!----><!----> <!----> <!----> <!----> <li tabindex="-1" data-product-id="215727" class="slot mobile-product-list-cell"><!----> <!----> <!----> <!----> <div class="mobile-product-list-cell_content"><div><!----> <div class="flag_outer-container"><!----> <!----> <!----> <!----></div></div> <div class="mobile-product-list-cell_left"><div><!----> <img src="data:image/svg+xml;base64,PD94bWwgdmVyc2lvbj0iMS4wIiBlbmNvZGluZz0idXRmLTgiPz4KPCEtLSBHZW5lcmF0ZWQgYnkgSWNvTW9vbi5pbyAtLT4KPCFET0NUWVBFIHN2ZyBQVUJMSUMgIi0vL1czQy8vRFREIFNWRyAxLjEvL0VOIiAiaHR0cDovL3d3dy53My5vcmcvR3JhcGhpY3MvU1ZHLzEuMS9EVEQvc3ZnMTEuZHRkIj4KPHN2ZyB2ZXJzaW9uPSIxLjEiIHhtbG5zPSJodHRwOi8vd3d3LnczLm9yZy8yMDAwL3N2ZyIgeG1sbnM6eGxpbms9Imh0dHA6Ly93d3cudzMub3JnLzE5OTkveGxpbmsiIHdpZHRoPSI0OCIgaGVpZ2h0PSI0OCIgdmlld0JveD0iMCAwIDQ4IDQ4Ij4KPGcgaWQ9Imljb21vb24taWdub3JlIj4KCTxsaW5lIHN0cm9rZS13aWR0aD0iMSIgeDE9IiIgeTE9IiIgeDI9IiIgeTI9IiIgc3Ryb2tlPSIjNDQ5RkRCIiBvcGFjaXR5PSIiPjwvbGluZT4KPC9nPgoJPHBhdGggZD0iTTM4LjQ4IDkuMDcwYzAuMjQ4IDAgMC40NSAwLjIwMiAwLjQ1IDAuNDV2MjguOTU5YzAgMC4yNDgtMC4yMDIgMC40NS0wLjQ1IDAuNDVoLTI4Ljk1OWMtMC4yNDggMC0wLjQ1LTAuMjAyLTAuNDUtMC40NXYtMjguOTU5YzAtMC4yNDggMC4yMDItMC40NSAwLjQ1LTAuNDVoMjguOTU5ek0zOC40OCA4aC0yOC45NTljLTAuODQgMC0xLjUyIDAuNjgxLTEuNTIgMS41MjF2MjguOTU5YzAgMC44NCAwLjY4MSAxLjUyMSAxLjUyIDEuNTIxaDI4Ljk1OWMwLjg0IDAgMS41Mi0wLjY4MSAxLjUyLTEuNTIxdi0yOC45NTljMC0wLjg0LTAuNjgxLTEuNTIxLTEuNTItMS41MjF2MHoiIG9wYWNpdHk9IjEiIHZpc2liaWxpdHk9ImZhbHNlIiBmaWxsPSIjZDdkN2Q3Ij48L3BhdGg+Cgk8cGF0aCBkPSJNMTIuMjI4IDM1LjIyNHYtMy4zMjljMC0wLjE0NSAwLjA1OC0wLjI4NSAwLjE2LTAuMzg4bDUuNTg3LTUuNTg3YzAuMjE0LTAuMjE0IDAuNTYxLTAuMjE0IDAuNzc1IDBsMi4xMTkgMi4xMTljMC4yMTQgMC4yMTQgMC41NjEgMC4yMTQgMC43NzUgMGw4LjE5MS04LjE5MmMwLjIxNC0wLjIxNCAwLjU2MS0wLjIxNCAwLjc3NSAwbDUgNWMwLjEwMyAwLjEwMyAwLjE2IDAuMjQyIDAuMTYgMC4zODh2OS45ODhjMCAwLjMwMy0wLjI0NSAwLjU0OC0wLjU0OCAwLjU0OGgtMjIuNDQ3Yy0wLjMwMyAwLTAuNTQ4LTAuMjQ1LTAuNTQ4LTAuNTQ4eiIgb3BhY2l0eT0iMSIgdmlzaWJpbGl0eT0iZmFsc2UiIGZpbGw9IiNkN2Q3ZDciPjwvcGF0aD4KCTxwYXRoIGQ9Ik0yMS41NDQgMTcuOTY3YzAgMS45ODItMS42MDYgMy41ODgtMy41ODggMy41ODhzLTMuNTg4LTEuNjA2LTMuNTg4LTMuNTg4YzAtMS45ODEgMS42MDYtMy41ODggMy41ODgtMy41ODhzMy41ODggMS42MDYgMy41ODggMy41ODh6IiBvcGFjaXR5PSIxIiB2aXNpYmlsaXR5PSJmYWxzZSIgZmlsbD0iI2Q3ZDdkNyI+PC9wYXRoPgo8L3N2Zz4K" alt="Nature's Promise Organic Black Beans No Salt Added" skeleton-box-size="9rem" class="product-grid-image object-contain"></div></div> <div class="mobile-product-list-cell_info"><div class="product-tile_detail"><div class="skeleton-loader_wrapper cursor-pointer"><div class="product-grid-cell_price-container product-grid-cell_price-container--mobile"><span class="product-grid-cell_main-price"><!---->
    $1.29
  </span> <!----></div> <!----></div> <!----></div> <div class="mobile-product-list-cell_name-content"><div class="skeleton-loader_wrapper"><div class="product-grid-cell_name"><a id="product-name-215727-16760862670402378" href="#" data-opens-modal="true" aria-haspopup="dialog" class="product-grid-cell_name-text product-grid-cell_name-text--clamp-2"><span class="vector-icon_inline-text--left mr-0"><div class="vector-icon-size--xsmall"><svg xmlns="http://www.w3.org/2000/svg" aria-label="Ahold Icon" viewBox="0 0 1024 945" role="presentation" aria-hidden="true" focusable="false" class=""><title lang="en">Ahold Icon</title><desc></desc><g fill="" stroke=""><g><path d="M1.893 730.617c-1.289-2.094-2.052-4.631-2.052-7.346 0-.747.058-1.481.169-2.197.158-12.396 10.227-22.466 22.687-22.634h895.306c12.476.168 22.545 10.237 22.713 22.698-.521 3.721-1.182 6.924-2.024 10.053l.131-.574c-86.363 175.072-263.598 293.385-468.466 293.385S88.254 905.689 3.252 733.663l-1.361-3.046z" fill="#F7A800" class="path1"></path> <path d="M107.889 132.495c1.893-1.893 1.893-3.786 3.786-5.678 2.98-3.491 7.385-5.69 12.303-5.69s9.323 2.199 12.284 5.668l.019.022L613.264 603.8c3.491 2.98 5.69 7.385 5.69 12.303s-2.199 9.323-5.668 12.284c-1.399 1.869-3.361 3.216-5.631 3.789l-.069.015c-38.446 13.732-82.796 21.669-129.001 21.669-108.416 0-206.626-43.699-277.977-114.443C130.241 467.591 86.799 369.1 86.799 260.462c0-45.803 7.722-89.803 21.936-130.767l-.845 2.8z" fill="#E2231A" class="path2"></path> <path d="M600.015 1.893a6.922 6.922 0 0 1 5.713-1.889c.057-.006.164-.007.272-.007 7.15 0 12.947 5.796 12.947 12.947 0 .108-.001.215-.004.322v-.016 503.482c.002.091.004.199.004.306 0 7.15-5.796 12.947-12.947 12.947-.108 0-.215-.001-.322-.004a6.925 6.925 0 0 1-5.665-1.895l.002.002c-98.273-48.542-164.673-148.065-164.673-263.098S501.743 50.434 598.306 2.657l1.709-.765z" fill="#712177" class="path3"></path> <path d="M938.824 283.919c1.893 0 1.893 1.893 3.786 1.893 1.765 2.012 2.841 4.666 2.841 7.571s-1.077 5.559-2.853 7.584l.011-.013-268.776 266.884c-2.012 1.765-4.666 2.841-7.571 2.841s-5.559-1.077-7.584-2.853a3.774 3.774 0 0 1-1.877-3.793l-.002.019c-7.681-21.529-12.12-46.363-12.12-72.235 0-61.263 24.891-116.712 65.111-156.786 39.326-39.792 93.895-64.431 154.219-64.431 26.857 0 52.573 4.884 76.309 13.812l-1.494-.493z" fill="#82BC00" class="path4"></path></g></g></svg></div></span>
    Nature's Promise Organic Black Beans No Salt Added
  </a></div> <!----> <!----></div> <div class="skeleton-loader_wrapper"><div class="product-grid-cell_sizes"><span class="product-grid-cell_size">
    15.5 OZ CAN
  </span> <span aria-hidden="true">
    |
  </span> <!----> <span class="product-grid-cell_unit">
    $0.08 / OZ
  </span></div> <!----></div> <!----> <!----> <!----> <!----> <!----> <!----> <!----></div> <div class="mobile-product-list-cell_bottom"><div class="mobile-product-list-cell_bottom_cart-ui-wrapper"><!----> <!----> <div class="pdl-add-to-cart"><div class="pdl-add-to-cart_button"><button aria-label="Add to cart" data-product-id="215727" data-price="1.29" class="button button--add-to-cart">
      Add to cart
      <!----></button> <!----> <!----> <!----></div> <!----></div></div> <!----></div></div></div> <div class="product-tile_action-items"><!----> <!----> <div class="shopping-list-menu_container"><div class="relative-el"><button aria-label="add to shopping list" class="button pdl-product-detail_top-icon button--fourth pdl-product-detail_top-icon--borderless"><!----> <div class="vector-icon-size--large"><svg xmlns="http://www.w3.org/2000/svg" aria-label="Shopping List Icon Add" viewBox="0 0 32 32" role="presentation" aria-hidden="true" focusable="false" class="vector-icon-color--dark-grey"><title lang="en">Shopping List Icon Add</title><desc></desc><g fill="" stroke=""><g><path d="M21.94066,15.3368884 L21.94066,12.8931995 C21.94066,12.3409148 22.3883752,11.8931995 22.94066,11.8931995 C23.4929447,11.8931995 23.94066,12.3409148 23.94066,12.8931995 L23.94066,15.3368884 L26.2522624,15.3368884 C26.8045471,15.3368884 27.2522624,15.7846037 27.2522624,16.3368884 C27.2522624,16.8891732 26.8045471,17.3368884 26.2522624,17.3368884 L23.94066,17.3368884 L23.94066,19.8787952 C23.94066,20.43108 23.4929447,20.8787952 22.94066,20.8787952 C22.3883752,20.8787952 21.94066,20.43108 21.94066,19.8787952 L21.94066,17.3368884 L19.2666667,17.3368884 C18.7143819,17.3368884 18.2666667,16.8891732 18.2666667,16.3368884 C18.2666667,15.7846037 18.7143819,15.3368884 19.2666667,15.3368884 L21.94066,15.3368884 Z M8,12 C7.44771525,12 7,11.5522847 7,11 C7,10.4477153 7.44771525,10 8,10 L19.1153581,10 C19.6676429,10 20.1153581,10.4477153 20.1153581,11 C20.1153581,11.5522847 19.6676429,12 19.1153581,12 L8,12 Z M8,17.3368884 C7.44771525,17.3368884 7,16.8891732 7,16.3368884 C7,15.7846037 7.44771525,15.3368884 8,15.3368884 L14.7200696,15.3368884 C15.2723543,15.3368884 15.7200696,15.7846037 15.7200696,16.3368884 C15.7200696,16.8891732 15.2723543,17.3368884 14.7200696,17.3368884 L8,17.3368884 Z M8,23 C7.44771525,23 7,22.5522847 7,22 C7,21.4477153 7.44771525,21 8,21 L19.1153581,21 C19.6676429,21 20.1153581,21.4477153 20.1153581,22 C20.1153581,22.5522847 19.6676429,23 19.1153581,23 L8,23 Z" fill="#000000" fill-rule="nonzero"></path></g></g></svg></div> <div class="pdl-product-detail_list-tooltip"><p>Add item to shopping list</p> <em></em></div></button></div></div></div> <!----></li> <!----><!----> <!----> <!----> <!----> <li tabindex="-1" data-product-id="301908" class="slot mobile-product-list-cell"><!----> <!----> <!----> <!----> <div class="mobile-product-list-cell_content"><div><!----> <div class="flag_outer-container"><!----> <!----> <!----> <!----></div></div> <div class="mobile-product-list-cell_left"><div><!----> <img src="data:image/svg+xml;base64,PD94bWwgdmVyc2lvbj0iMS4wIiBlbmNvZGluZz0idXRmLTgiPz4KPCEtLSBHZW5lcmF0ZWQgYnkgSWNvTW9vbi5pbyAtLT4KPCFET0NUWVBFIHN2ZyBQVUJMSUMgIi0vL1czQy8vRFREIFNWRyAxLjEvL0VOIiAiaHR0cDovL3d3dy53My5vcmcvR3JhcGhpY3MvU1ZHLzEuMS9EVEQvc3ZnMTEuZHRkIj4KPHN2ZyB2ZXJzaW9uPSIxLjEiIHhtbG5zPSJodHRwOi8vd3d3LnczLm9yZy8yMDAwL3N2ZyIgeG1sbnM6eGxpbms9Imh0dHA6Ly93d3cudzMub3JnLzE5OTkveGxpbmsiIHdpZHRoPSI0OCIgaGVpZ2h0PSI0OCIgdmlld0JveD0iMCAwIDQ4IDQ4Ij4KPGcgaWQ9Imljb21vb24taWdub3JlIj4KCTxsaW5lIHN0cm9rZS13aWR0aD0iMSIgeDE9IiIgeTE9IiIgeDI9IiIgeTI9IiIgc3Ryb2tlPSIjNDQ5RkRCIiBvcGFjaXR5PSIiPjwvbGluZT4KPC9nPgoJPHBhdGggZD0iTTM4LjQ4IDkuMDcwYzAuMjQ4IDAgMC40NSAwLjIwMiAwLjQ1IDAuNDV2MjguOTU5YzAgMC4yNDgtMC4yMDIgMC40NS0wLjQ1IDAuNDVoLTI4Ljk1OWMtMC4yNDggMC0wLjQ1LTAuMjAyLTAuNDUtMC40NXYtMjguOTU5YzAtMC4yNDggMC4yMDItMC40NSAwLjQ1LTAuNDVoMjguOTU5ek0zOC40OCA4aC0yOC45NTljLTAuODQgMC0xLjUyIDAuNjgxLTEuNTIgMS41MjF2MjguOTU5YzAgMC44NCAwLjY4MSAxLjUyMSAxLjUyIDEuNTIxaDI4Ljk1OWMwLjg0IDAgMS41Mi0wLjY4MSAxLjUyLTEuNTIxdi0yOC45NTljMC0wLjg0LTAuNjgxLTEuNTIxLTEuNTItMS41MjF2MHoiIG9wYWNpdHk9IjEiIHZpc2liaWxpdHk9ImZhbHNlIiBmaWxsPSIjZDdkN2Q3Ij48L3BhdGg+Cgk8cGF0aCBkPSJNMTIuMjI4IDM1LjIyNHYtMy4zMjljMC0wLjE0NSAwLjA1OC0wLjI4NSAwLjE2LTAuMzg4bDUuNTg3LTUuNTg3YzAuMjE0LTAuMjE0IDAuNTYxLTAuMjE0IDAuNzc1IDBsMi4xMTkgMi4xMTljMC4yMTQgMC4yMTQgMC41NjEgMC4yMTQgMC43NzUgMGw4LjE5MS04LjE5MmMwLjIxNC0wLjIxNCAwLjU2MS0wLjIxNCAwLjc3NSAwbDUgNWMwLjEwMyAwLjEwMyAwLjE2IDAuMjQyIDAuMTYgMC4zODh2OS45ODhjMCAwLjMwMy0wLjI0NSAwLjU0OC0wLjU0OCAwLjU0OGgtMjIuNDQ3Yy0wLjMwMyAwLTAuNTQ4LTAuMjQ1LTAuNTQ4LTAuNTQ4eiIgb3BhY2l0eT0iMSIgdmlzaWJpbGl0eT0iZmFsc2UiIGZpbGw9IiNkN2Q3ZDciPjwvcGF0aD4KCTxwYXRoIGQ9Ik0yMS41NDQgMTcuOTY3YzAgMS45ODItMS42MDYgMy41ODgtMy41ODggMy41ODhzLTMuNTg4LTEuNjA2LTMuNTg4LTMuNTg4YzAtMS45ODEgMS42MDYtMy41ODggMy41ODgtMy41ODhzMy41ODggMS42MDYgMy41ODggMy41ODh6IiBvcGFjaXR5PSIxIiB2aXNpYmlsaXR5PSJmYWxzZSIgZmlsbD0iI2Q3ZDdkNyI+PC9wYXRoPgo8L3N2Zz4K" alt="Stop &amp; Shop Chicken Thighs Boneless Skinless Fresh" skeleton-box-size="9rem" class="product-grid-image object-contain"></div></div> <div class="mobile-product-list-cell_info"><div class="product-tile_detail"><div class="skeleton-loader_wrapper cursor-pointer"><div class="product-grid-cell_price-container product-grid-cell_price-container--mobile"><span class="product-grid-cell_main-price"><!---->
    $5.61
  </span> <!----></div> <!----></div> <!----></div> <div class="mobile-product-list-cell_name-content"><div class="skeleton-loader_wrapper"><div class="product-grid-cell_name"><a id="product-name-301908-16760862670438125" href="#" data-opens-modal="true" aria-haspopup="dialog" class="product-grid-cell_name-text product-grid-cell_name-text--clamp-2"><span class="vector-icon_inline-text--left mr-0"><div class="vector-icon-size--xsmall"><svg xmlns="http://www.w3.org/2000/svg" aria-label="Ahold Icon" viewBox="0 0 1024 945" role="presentation" aria-hidden="true" focusable="false" class=""><title lang="en">Ahold Icon</title><desc></desc><g fill="" stroke=""><g><path d="M1.893 730.617c-1.289-2.094-2.052-4.631-2.052-7.346 0-.747.058-1.481.169-2.197.158-12.396 10.227-22.466 22.687-22.634h895.306c12.476.168 22.545 10.237 22.713 22.698-.521 3.721-1.182 6.924-2.024 10.053l.131-.574c-86.363 175.072-263.598 293.385-468.466 293.385S88.254 905.689 3.252 733.663l-1.361-3.046z" fill="#F7A800" class="path1"></path> <path d="M107.889 132.495c1.893-1.893 1.893-3.786 3.786-5.678 2.98-3.491 7.385-5.69 12.303-5.69s9.323 2.199 12.284 5.668l.019.022L613.264 603.8c3.491 2.98 5.69 7.385 5.69 12.303s-2.199 9.323-5.668 12.284c-1.399 1.869-3.361 3.216-5.631 3.789l-.069.015c-38.446 13.732-82.796 21.669-129.001 21.669-108.416 0-206.626-43.699-277.977-114.443C130.241 467.591 86.799 369.1 86.799 260.462c0-45.803 7.722-89.803 21.936-130.767l-.845 2.8z" fill="#E2231A" class="path2"></path> <path d="M600.015 1.893a6.922 6.922 0 0 1 5.713-1.889c.057-.006.164-.007.272-.007 7.15 0 12.947 5.796 12.947 12.947 0 .108-.001.215-.004.322v-.016 503.482c.002.091.004.199.004.306 0 7.15-5.796 12.947-12.947 12.947-.108 0-.215-.001-.322-.004a6.925 6.925 0 0 1-5.665-1.895l.002.002c-98.273-48.542-164.673-148.065-164.673-263.098S501.743 50.434 598.306 2.657l1.709-.765z" fill="#712177" class="path3"></path> <path d="M938.824 283.919c1.893 0 1.893 1.893 3.786 1.893 1.765 2.012 2.841 4.666 2.841 7.571s-1.077 5.559-2.853 7.584l.011-.013-268.776 266.884c-2.012 1.765-4.666 2.841-7.571 2.841s-5.559-1.077-7.584-2.853a3.774 3.774 0 0 1-1.877-3.793l-.002.019c-7.681-21.529-12.12-46.363-12.12-72.235 0-61.263 24.891-116.712 65.111-156.786 39.326-39.792 93.895-64.431 154.219-64.431 26.857 0 52.573 4.884 76.309 13.812l-1.494-.493z" fill="#82BC00" class="path4"></path></g></g></svg></div></span>
    Stop &amp; Shop Chicken Thighs Boneless Skinless Fresh
  </a></div> <!----> <!----></div> <div class="skeleton-loader_wrapper"><div class="product-grid-cell_sizes"><span class="product-grid-cell_size">
    APX 1.25 LB
  </span> <span aria-hidden="true">
    |
  </span> <!----> <span class="product-grid-cell_unit">
    $4.49 / LB
  </span></div> <!----></div> <!----> <!----> <!----> <!----> <!----> <!----> <!----></div> <div class="mobile-product-list-cell_bottom"><div class="mobile-product-list-cell_bottom_cart-ui-wrapper"><!----> <!----> <div class="pdl-add-to-cart"><div class="pdl-add-to-cart_button"><button aria-label="Add to cart" data-product-id="301908" data-price="5.61" class="button button--add-to-cart">
      Add to cart
      <!----></button> <!----> <!----> <!----></div> <!----></div></div> <!----></div></div></div> <div class="product-tile_action-items"><!----> <!----> <div class="shopping-list-menu_container"><div class="relative-el"><button aria-label="add to shopping list" class="button pdl-product-detail_top-icon button--fourth pdl-product-detail_top-icon--borderless"><!----> <div class="vector-icon-size--large"><svg xmlns="http://www.w3.org/2000/svg" aria-label="Shopping List Icon Add" viewBox="0 0 32 32" role="presentation" aria-hidden="true" focusable="false" class="vector-icon-color--dark-grey"><title lang="en">Shopping List Icon Add</title><desc></desc><g fill="" stroke=""><g><path d="M21.94066,15.3368884 L21.94066,12.8931995 C21.94066,12.3409148 22.3883752,11.8931995 22.94066,11.8931995 C23.4929447,11.8931995 23.94066,12.3409148 23.94066,12.8931995 L23.94066,15.3368884 L26.2522624,15.3368884 C26.8045471,15.3368884 27.2522624,15.7846037 27.2522624,16.3368884 C27.2522624,16.8891732 26.8045471,17.3368884 26.2522624,17.3368884 L23.94066,17.3368884 L23.94066,19.8787952 C23.94066,20.43108 23.4929447,20.8787952 22.94066,20.8787952 C22.3883752,20.8787952 21.94066,20.43108 21.94066,19.8787952 L21.94066,17.3368884 L19.2666667,17.3368884 C18.7143819,17.3368884 18.2666667,16.8891732 18.2666667,16.3368884 C18.2666667,15.7846037 18.7143819,15.3368884 19.2666667,15.3368884 L21.94066,15.3368884 Z M8,12 C7.44771525,12 7,11.5522847 7,11 C7,10.4477153 7.44771525,10 8,10 L19.1153581,10 C19.6676429,10 20.1153581,10.4477153 20.1153581,11 C20.1153581,11.5522847 19.6676429,12 19.1153581,12 L8,12 Z M8,17.3368884 C7.44771525,17.3368884 7,16.8891732 7,16.3368884 C7,15.7846037 7.44771525,15.3368884 8,15.3368884 L14.7200696,15.3368884 C15.2723543,15.3368884 15.7200696,15.7846037 15.7200696,16.3368884 C15.7200696,16.8891732 15.2723543,17.3368884 14.7200696,17.3368884 L8,17.3368884 Z M8,23 C7.44771525,23 7,22.5522847 7,22 C7,21.4477153 7.44771525,21 8,21 L19.1153581,21 C19.6676429,21 20.1153581,21.4477153 20.1153581,22 C20.1153581,22.5522847 19.6676429,23 19.1153581,23 L8,23 Z" fill="#000000" fill-rule="nonzero"></path></g></g></svg></div> <div class="pdl-product-detail_list-tooltip"><p>Add item to shopping list</p> <em></em></div></button></div></div></div> <!----></li> <!----><!----> <!----> <!----> <!----> <li tabindex="-1" data-product-id="139323" class="slot mobile-product-list-cell"><!----> <!----> <!----> <!----> <div class="mobile-product-list-cell_content"><div><!----> <div class="flag_outer-container"><!----> <!----> <!----> <!----></div></div> <div class="mobile-product-list-cell_left"><div><!----> <img src="data:image/svg+xml;base64,PD94bWwgdmVyc2lvbj0iMS4wIiBlbmNvZGluZz0idXRmLTgiPz4KPCEtLSBHZW5lcmF0ZWQgYnkgSWNvTW9vbi5pbyAtLT4KPCFET0NUWVBFIHN2ZyBQVUJMSUMgIi0vL1czQy8vRFREIFNWRyAxLjEvL0VOIiAiaHR0cDovL3d3dy53My5vcmcvR3JhcGhpY3MvU1ZHLzEuMS9EVEQvc3ZnMTEuZHRkIj4KPHN2ZyB2ZXJzaW9uPSIxLjEiIHhtbG5zPSJodHRwOi8vd3d3LnczLm9yZy8yMDAwL3N2ZyIgeG1sbnM6eGxpbms9Imh0dHA6Ly93d3cudzMub3JnLzE5OTkveGxpbmsiIHdpZHRoPSI0OCIgaGVpZ2h0PSI0OCIgdmlld0JveD0iMCAwIDQ4IDQ4Ij4KPGcgaWQ9Imljb21vb24taWdub3JlIj4KCTxsaW5lIHN0cm9rZS13aWR0aD0iMSIgeDE9IiIgeTE9IiIgeDI9IiIgeTI9IiIgc3Ryb2tlPSIjNDQ5RkRCIiBvcGFjaXR5PSIiPjwvbGluZT4KPC9nPgoJPHBhdGggZD0iTTM4LjQ4IDkuMDcwYzAuMjQ4IDAgMC40NSAwLjIwMiAwLjQ1IDAuNDV2MjguOTU5YzAgMC4yNDgtMC4yMDIgMC40NS0wLjQ1IDAuNDVoLTI4Ljk1OWMtMC4yNDggMC0wLjQ1LTAuMjAyLTAuNDUtMC40NXYtMjguOTU5YzAtMC4yNDggMC4yMDItMC40NSAwLjQ1LTAuNDVoMjguOTU5ek0zOC40OCA4aC0yOC45NTljLTAuODQgMC0xLjUyIDAuNjgxLTEuNTIgMS41MjF2MjguOTU5YzAgMC44NCAwLjY4MSAxLjUyMSAxLjUyIDEuNTIxaDI4Ljk1OWMwLjg0IDAgMS41Mi0wLjY4MSAxLjUyLTEuNTIxdi0yOC45NTljMC0wLjg0LTAuNjgxLTEuNTIxLTEuNTItMS41MjF2MHoiIG9wYWNpdHk9IjEiIHZpc2liaWxpdHk9ImZhbHNlIiBmaWxsPSIjZDdkN2Q3Ij48L3BhdGg+Cgk8cGF0aCBkPSJNMTIuMjI4IDM1LjIyNHYtMy4zMjljMC0wLjE0NSAwLjA1OC0wLjI4NSAwLjE2LTAuMzg4bDUuNTg3LTUuNTg3YzAuMjE0LTAuMjE0IDAuNTYxLTAuMjE0IDAuNzc1IDBsMi4xMTkgMi4xMTljMC4yMTQgMC4yMTQgMC41NjEgMC4yMTQgMC43NzUgMGw4LjE5MS04LjE5MmMwLjIxNC0wLjIxNCAwLjU2MS0wLjIxNCAwLjc3NSAwbDUgNWMwLjEwMyAwLjEwMyAwLjE2IDAuMjQyIDAuMTYgMC4zODh2OS45ODhjMCAwLjMwMy0wLjI0NSAwLjU0OC0wLjU0OCAwLjU0OGgtMjIuNDQ3Yy0wLjMwMyAwLTAuNTQ4LTAuMjQ1LTAuNTQ4LTAuNTQ4eiIgb3BhY2l0eT0iMSIgdmlzaWJpbGl0eT0iZmFsc2UiIGZpbGw9IiNkN2Q3ZDciPjwvcGF0aD4KCTxwYXRoIGQ9Ik0yMS41NDQgMTcuOTY3YzAgMS45ODItMS42MDYgMy41ODgtMy41ODggMy41ODhzLTMuNTg4LTEuNjA2LTMuNTg4LTMuNTg4YzAtMS45ODEgMS42MDYtMy41ODggMy41ODgtMy41ODhzMy41ODggMS42MDYgMy41ODggMy41ODh6IiBvcGFjaXR5PSIxIiB2aXNpYmlsaXR5PSJmYWxzZSIgZmlsbD0iI2Q3ZDdkNyI+PC9wYXRoPgo8L3N2Zz4K" alt="Eggo Mini Pancakes - 40 ct" skeleton-box-size="9rem" class="product-grid-image object-contain"></div></div> <div class="mobile-product-list-cell_info"><div class="product-tile_detail"><div class="skeleton-loader_wrapper cursor-pointer"><div class="product-grid-cell_price-container product-grid-cell_price-container--mobile"><span class="product-grid-cell_main-price"><!---->
    $3.99
  </span> <!----></div> <!----></div> <!----></div> <div class="mobile-product-list-cell_name-content"><div class="skeleton-loader_wrapper"><div class="product-grid-cell_name"><a id="product-name-139323-16760862670459468" href="#" data-opens-modal="true" aria-haspopup="dialog" class="product-grid-cell_name-text product-grid-cell_name-text--clamp-2"><!---->
    Eggo Mini Pancakes - 40 ct
  </a></div> <!----> <!----></div> <div class="skeleton-loader_wrapper"><div class="product-grid-cell_sizes"><span class="product-grid-cell_size">
    14.1 OZ BOX
  </span> <span aria-hidden="true">
    |
  </span> <!----> <span class="product-grid-cell_unit">
    $0.28 / OZ
  </span></div> <!----></div> <!----> <!----> <!----> <!----> <!----> <!----> <!----></div> <div class="mobile-product-list-cell_bottom"><div class="mobile-product-list-cell_bottom_cart-ui-wrapper"><!----> <!----> <div class="pdl-add-to-cart"><div class="pdl-add-to-cart_button"><button aria-label="Add to cart" data-product-id="139323" data-price="3.99" class="button button--add-to-cart">
      Add to cart
      <!----></button> <!----> <!----> <!----></div> <!----></div></div> <!----></div></div></div> <div class="product-tile_action-items"><!----> <!----> <div class="shopping-list-menu_container"><div class="relative-el"><button aria-label="add to shopping list" class="button pdl-product-detail_top-icon button--fourth pdl-product-detail_top-icon--borderless"><!----> <div class="vector-icon-size--large"><svg xmlns="http://www.w3.org/2000/svg" aria-label="Shopping List Icon Add" viewBox="0 0 32 32" role="presentation" aria-hidden="true" focusable="false" class="vector-icon-color--dark-grey"><title lang="en">Shopping List Icon Add</title><desc></desc><g fill="" stroke=""><g><path d="M21.94066,15.3368884 L21.94066,12.8931995 C21.94066,12.3409148 22.3883752,11.8931995 22.94066,11.8931995 C23.4929447,11.8931995 23.94066,12.3409148 23.94066,12.8931995 L23.94066,15.3368884 L26.2522624,15.3368884 C26.8045471,15.3368884 27.2522624,15.7846037 27.2522624,16.3368884 C27.2522624,16.8891732 26.8045471,17.3368884 26.2522624,17.3368884 L23.94066,17.3368884 L23.94066,19.8787952 C23.94066,20.43108 23.4929447,20.8787952 22.94066,20.8787952 C22.3883752,20.8787952 21.94066,20.43108 21.94066,19.8787952 L21.94066,17.3368884 L19.2666667,17.3368884 C18.7143819,17.3368884 18.2666667,16.8891732 18.2666667,16.3368884 C18.2666667,15.7846037 18.7143819,15.3368884 19.2666667,15.3368884 L21.94066,15.3368884 Z M8,12 C7.44771525,12 7,11.5522847 7,11 C7,10.4477153 7.44771525,10 8,10 L19.1153581,10 C19.6676429,10 20.1153581,10.4477153 20.1153581,11 C20.1153581,11.5522847 19.6676429,12 19.1153581,12 L8,12 Z M8,17.3368884 C7.44771525,17.3368884 7,16.8891732 7,16.3368884 C7,15.7846037 7.44771525,15.3368884 8,15.3368884 L14.7200696,15.3368884 C15.2723543,15.3368884 15.7200696,15.7846037 15.7200696,16.3368884 C15.7200696,16.8891732 15.2723543,17.3368884 14.7200696,17.3368884 L8,17.3368884 Z M8,23 C7.44771525,23 7,22.5522847 7,22 C7,21.4477153 7.44771525,21 8,21 L19.1153581,21 C19.6676429,21 20.1153581,21.4477153 20.1153581,22 C20.1153581,22.5522847 19.6676429,23 19.1153581,23 L8,23 Z" fill="#000000" fill-rule="nonzero"></path></g></g></svg></div> <div class="pdl-product-detail_list-tooltip"><p>Add item to shopping list</p> <em></em></div></button></div></div></div> <!----></li> <!----><!----> <!----> <!----> <!----> <li tabindex="-1" data-product-id="64936" class="slot mobile-product-list-cell"><!----> <!----> <!----> <!----> <div class="mobile-product-list-cell_content"><div><!----> <div class="flag_outer-container"><div class=""><svg xmlns="http://www.w3.org/2000/svg" aria-label="Sale" viewBox="0 0 32 32" role="presentation" aria-hidden="true" focusable="false" class="w-20 ml-3"><title lang="en">Sale</title><desc></desc><g fill="" stroke=""><g><path d="M16.56 19.87a3.81 3.81 0 0 1-1-.13l-13.39-3.5a1.5 1.5 0 0 1-1.12-1.34l-.81-11a1.52 1.52 0 0 1 1.39-1.61l27.69-2h.11a1.51 1.51 0 0 1 1.5 1.4l.82 11a1.52 1.52 0 0 1-.91 1.5l-12.72 5.36a3.79 3.79 0 0 1-1.56.32Z" fill="#ed1256"></path><path fill="#fff" d="M29.43.48a1.26 1.26 0 0 1 1.26 1.17l.82 11a1.27 1.27 0 0 1-.76 1.26L18 19.34a3.72 3.72 0 0 1-1.47.3 3.79 3.79 0 0 1-.94-.12L2.24 16a1.27 1.27 0 0 1-1-1.13l-.81-11a1.26 1.26 0 0 1 1.22-1.33L29.34.48h.09m0-.48h-.13L1.62 2A1.76 1.76 0 0 0 0 3.92l.82 11a1.73 1.73 0 0 0 1.3 1.55L15.5 20a4.3 4.3 0 0 0 1.07.14 4.24 4.24 0 0 0 1.65-.34l12.72-5.44A1.76 1.76 0 0 0 32 12.59l-.82-11A1.76 1.76 0 0 0 29.43 0Z"></path><path fill="#fff" d="M3.74 9.87a3 3 0 0 0 .82.55 2.21 2.21 0 0 0 1.08.19 1.6 1.6 0 0 0 .29 0 1 1 0 0 0 .26-.12.58.58 0 0 0 .18-.2.62.62 0 0 0 0-.31.59.59 0 0 0-.32-.49 3.38 3.38 0 0 0-.85-.34L4.84 9a4.19 4.19 0 0 1-.69-.26 2.44 2.44 0 0 1-.63-.41 1.92 1.92 0 0 1-.7-1.42 2.68 2.68 0 0 1 .1-1A2.2 2.2 0 0 1 3.39 5a2.42 2.42 0 0 1 .82-.6 3.15 3.15 0 0 1 1.17-.28 3.68 3.68 0 0 1 1.72.24 3 3 0 0 1 .57.29A2.66 2.66 0 0 1 8 5l-.82 1.37a4.42 4.42 0 0 0-.82-.45 2 2 0 0 0-.85-.13 1.4 1.4 0 0 0-.28.06A.9.9 0 0 0 5 6a.62.62 0 0 0-.16.2.5.5 0 0 0 0 .28.6.6 0 0 0 .1.31.68.68 0 0 0 .24.2 1.27 1.27 0 0 0 .35.15l.43.13.35.09a7.49 7.49 0 0 1 .69.22 2.2 2.2 0 0 1 .72.42 2.46 2.46 0 0 1 .54.68 2.31 2.31 0 0 1 .27 1 2.15 2.15 0 0 1-.15 1 2.53 2.53 0 0 1-.56.84 2.77 2.77 0 0 1-.88.59 4 4 0 0 1-1.11.27A4.67 4.67 0 0 1 4 12.25a3.79 3.79 0 0 1-1.28-.75ZM11.29 3.89l2.17-.16 3.1 7.7-2 .15L14 10l-2.39.18-.35 1.67-2 .14Zm2.15 4.6-1-2.84-.61 2.95ZM17 3.47l1.89-.14.44 6 3.3-.25.16 1.92-5.19.39ZM23.36 3l5.13-.38.13 1.8-3.24.24.09 1.22 2.66-.2.12 1.7-2.65.2.09 1.35 3.46-.26.13 1.81-5.34.4Z"></path></g></g></svg></div> <!----> <!----> <!----></div></div> <div class="mobile-product-list-cell_left"><div><!----> <img src="data:image/svg+xml;base64,PD94bWwgdmVyc2lvbj0iMS4wIiBlbmNvZGluZz0idXRmLTgiPz4KPCEtLSBHZW5lcmF0ZWQgYnkgSWNvTW9vbi5pbyAtLT4KPCFET0NUWVBFIHN2ZyBQVUJMSUMgIi0vL1czQy8vRFREIFNWRyAxLjEvL0VOIiAiaHR0cDovL3d3dy53My5vcmcvR3JhcGhpY3MvU1ZHLzEuMS9EVEQvc3ZnMTEuZHRkIj4KPHN2ZyB2ZXJzaW9uPSIxLjEiIHhtbG5zPSJodHRwOi8vd3d3LnczLm9yZy8yMDAwL3N2ZyIgeG1sbnM6eGxpbms9Imh0dHA6Ly93d3cudzMub3JnLzE5OTkveGxpbmsiIHdpZHRoPSI0OCIgaGVpZ2h0PSI0OCIgdmlld0JveD0iMCAwIDQ4IDQ4Ij4KPGcgaWQ9Imljb21vb24taWdub3JlIj4KCTxsaW5lIHN0cm9rZS13aWR0aD0iMSIgeDE9IiIgeTE9IiIgeDI9IiIgeTI9IiIgc3Ryb2tlPSIjNDQ5RkRCIiBvcGFjaXR5PSIiPjwvbGluZT4KPC9nPgoJPHBhdGggZD0iTTM4LjQ4IDkuMDcwYzAuMjQ4IDAgMC40NSAwLjIwMiAwLjQ1IDAuNDV2MjguOTU5YzAgMC4yNDgtMC4yMDIgMC40NS0wLjQ1IDAuNDVoLTI4Ljk1OWMtMC4yNDggMC0wLjQ1LTAuMjAyLTAuNDUtMC40NXYtMjguOTU5YzAtMC4yNDggMC4yMDItMC40NSAwLjQ1LTAuNDVoMjguOTU5ek0zOC40OCA4aC0yOC45NTljLTAuODQgMC0xLjUyIDAuNjgxLTEuNTIgMS41MjF2MjguOTU5YzAgMC44NCAwLjY4MSAxLjUyMSAxLjUyIDEuNTIxaDI4Ljk1OWMwLjg0IDAgMS41Mi0wLjY4MSAxLjUyLTEuNTIxdi0yOC45NTljMC0wLjg0LTAuNjgxLTEuNTIxLTEuNTItMS41MjF2MHoiIG9wYWNpdHk9IjEiIHZpc2liaWxpdHk9ImZhbHNlIiBmaWxsPSIjZDdkN2Q3Ij48L3BhdGg+Cgk8cGF0aCBkPSJNMTIuMjI4IDM1LjIyNHYtMy4zMjljMC0wLjE0NSAwLjA1OC0wLjI4NSAwLjE2LTAuMzg4bDUuNTg3LTUuNTg3YzAuMjE0LTAuMjE0IDAuNTYxLTAuMjE0IDAuNzc1IDBsMi4xMTkgMi4xMTljMC4yMTQgMC4yMTQgMC41NjEgMC4yMTQgMC43NzUgMGw4LjE5MS04LjE5MmMwLjIxNC0wLjIxNCAwLjU2MS0wLjIxNCAwLjc3NSAwbDUgNWMwLjEwMyAwLjEwMyAwLjE2IDAuMjQyIDAuMTYgMC4zODh2OS45ODhjMCAwLjMwMy0wLjI0NSAwLjU0OC0wLjU0OCAwLjU0OGgtMjIuNDQ3Yy0wLjMwMyAwLTAuNTQ4LTAuMjQ1LTAuNTQ4LTAuNTQ4eiIgb3BhY2l0eT0iMSIgdmlzaWJpbGl0eT0iZmFsc2UiIGZpbGw9IiNkN2Q3ZDciPjwvcGF0aD4KCTxwYXRoIGQ9Ik0yMS41NDQgMTcuOTY3YzAgMS45ODItMS42MDYgMy41ODgtMy41ODggMy41ODhzLTMuNTg4LTEuNjA2LTMuNTg4LTMuNTg4YzAtMS45ODEgMS42MDYtMy41ODggMy41ODgtMy41ODhzMy41ODggMS42MDYgMy41ODggMy41ODh6IiBvcGFjaXR5PSIxIiB2aXNpYmlsaXR5PSJmYWxzZSIgZmlsbD0iI2Q3ZDdkNyI+PC9wYXRoPgo8L3N2Zz4K" alt="Celeste Pizza For One Original 4 Cheese Microwave" skeleton-box-size="9rem" class="product-grid-image object-contain"></div></div> <div class="mobile-product-list-cell_info"><div class="product-tile_detail"><div class="skeleton-loader_wrapper cursor-pointer"><div class="product-grid-cell_price-container product-grid-cell_price-container_column product-grid-cell_price-container--mobile"><span class="product-grid-cell_main-price product-grid-cell_main-price--on-sale"><span class="sr-only">
      Sale Price
    </span>
    $1.00
  </span> <div class="product-grid-cell_was-container"><span class="product-grid-cell_regular-price product-grid-cell_regular-price--small"><span class="sr-only">
        Original Price
      </span>
      $1.25
    </span></div></div> <!----></div> <!----></div> <div class="mobile-product-list-cell_name-content"><div class="skeleton-loader_wrapper"><div class="product-grid-cell_name"><a id="product-name-64936-16760862670475521" href="#" data-opens-modal="true" aria-haspopup="dialog" class="product-grid-cell_name-text product-grid-cell_name-text--clamp-2"><!---->
    Celeste Pizza For One Original 4 Cheese Microwave
  </a></div> <!----> <!----></div> <div class="skeleton-loader_wrapper"><div class="product-grid-cell_sizes"><span class="product-grid-cell_size">
    5.22 OZ BOX
  </span> <span aria-hidden="true">
    |
  </span> <!----> <span class="product-grid-cell_unit">
    $0.19 / OZ
  </span></div> <!----></div> <!----> <!----> <!----> <!----> <!----> <!----> <!----></div> <div class="mobile-product-list-cell_bottom"><div class="mobile-product-list-cell_bottom_cart-ui-wrapper"><!----> <!----> <div class="pdl-add-to-cart"><div class="pdl-add-to-cart_button"><button aria-label="Add to cart" data-product-id="64936" data-price="1" class="button button--add-to-cart add-sale">
      Add to cart
      <!----></button> <!----> <!----> <!----></div> <!----></div></div> <!----></div></div></div> <div class="product-tile_action-items"><!----> <!----> <div class="shopping-list-menu_container"><div class="relative-el"><button aria-label="add to shopping list" class="button pdl-product-detail_top-icon button--fourth pdl-product-detail_top-icon--borderless"><!----> <div class="vector-icon-size--large"><svg xmlns="http://www.w3.org/2000/svg" aria-label="Shopping List Icon Add" viewBox="0 0 32 32" role="presentation" aria-hidden="true" focusable="false" class="vector-icon-color--dark-grey"><title lang="en">Shopping List Icon Add</title><desc></desc><g fill="" stroke=""><g><path d="M21.94066,15.3368884 L21.94066,12.8931995 C21.94066,12.3409148 22.3883752,11.8931995 22.94066,11.8931995 C23.4929447,11.8931995 23.94066,12.3409148 23.94066,12.8931995 L23.94066,15.3368884 L26.2522624,15.3368884 C26.8045471,15.3368884 27.2522624,15.7846037 27.2522624,16.3368884 C27.2522624,16.8891732 26.8045471,17.3368884 26.2522624,17.3368884 L23.94066,17.3368884 L23.94066,19.8787952 C23.94066,20.43108 23.4929447,20.8787952 22.94066,20.8787952 C22.3883752,20.8787952 21.94066,20.43108 21.94066,19.8787952 L21.94066,17.3368884 L19.2666667,17.3368884 C18.7143819,17.3368884 18.2666667,16.8891732 18.2666667,16.3368884 C18.2666667,15.7846037 18.7143819,15.3368884 19.2666667,15.3368884 L21.94066,15.3368884 Z M8,12 C7.44771525,12 7,11.5522847 7,11 C7,10.4477153 7.44771525,10 8,10 L19.1153581,10 C19.6676429,10 20.1153581,10.4477153 20.1153581,11 C20.1153581,11.5522847 19.6676429,12 19.1153581,12 L8,12 Z M8,17.3368884 C7.44771525,17.3368884 7,16.8891732 7,16.3368884 C7,15.7846037 7.44771525,15.3368884 8,15.3368884 L14.7200696,15.3368884 C15.2723543,15.3368884 15.7200696,15.7846037 15.7200696,16.3368884 C15.7200696,16.8891732 15.2723543,17.3368884 14.7200696,17.3368884 L8,17.3368884 Z M8,23 C7.44771525,23 7,22.5522847 7,22 C7,21.4477153 7.44771525,21 8,21 L19.1153581,21 C19.6676429,21 20.1153581,21.4477153 20.1153581,22 C20.1153581,22.5522847 19.6676429,23 19.1153581,23 L8,23 Z" fill="#000000" fill-rule="nonzero"></path></g></g></svg></div> <div class="pdl-product-detail_list-tooltip"><p>Add item to shopping list</p> <em></em></div></button></div></div></div> <!----></li> <!----><!----> <!----> <!----> <!----> <li tabindex="-1" data-product-id="140213" class="slot mobile-product-list-cell"><!----> <!----> <!----> <!----> <div class="mobile-product-list-cell_content"><div><!----> <div class="flag_outer-container"><!----> <!----> <!----> <!----></div></div> <div class="mobile-product-list-cell_left"><div><!----> <img src="data:image/svg+xml;base64,PD94bWwgdmVyc2lvbj0iMS4wIiBlbmNvZGluZz0idXRmLTgiPz4KPCEtLSBHZW5lcmF0ZWQgYnkgSWNvTW9vbi5pbyAtLT4KPCFET0NUWVBFIHN2ZyBQVUJMSUMgIi0vL1czQy8vRFREIFNWRyAxLjEvL0VOIiAiaHR0cDovL3d3dy53My5vcmcvR3JhcGhpY3MvU1ZHLzEuMS9EVEQvc3ZnMTEuZHRkIj4KPHN2ZyB2ZXJzaW9uPSIxLjEiIHhtbG5zPSJodHRwOi8vd3d3LnczLm9yZy8yMDAwL3N2ZyIgeG1sbnM6eGxpbms9Imh0dHA6Ly93d3cudzMub3JnLzE5OTkveGxpbmsiIHdpZHRoPSI0OCIgaGVpZ2h0PSI0OCIgdmlld0JveD0iMCAwIDQ4IDQ4Ij4KPGcgaWQ9Imljb21vb24taWdub3JlIj4KCTxsaW5lIHN0cm9rZS13aWR0aD0iMSIgeDE9IiIgeTE9IiIgeDI9IiIgeTI9IiIgc3Ryb2tlPSIjNDQ5RkRCIiBvcGFjaXR5PSIiPjwvbGluZT4KPC9nPgoJPHBhdGggZD0iTTM4LjQ4IDkuMDcwYzAuMjQ4IDAgMC40NSAwLjIwMiAwLjQ1IDAuNDV2MjguOTU5YzAgMC4yNDgtMC4yMDIgMC40NS0wLjQ1IDAuNDVoLTI4Ljk1OWMtMC4yNDggMC0wLjQ1LTAuMjAyLTAuNDUtMC40NXYtMjguOTU5YzAtMC4yNDggMC4yMDItMC40NSAwLjQ1LTAuNDVoMjguOTU5ek0zOC40OCA4aC0yOC45NTljLTAuODQgMC0xLjUyIDAuNjgxLTEuNTIgMS41MjF2MjguOTU5YzAgMC44NCAwLjY4MSAxLjUyMSAxLjUyIDEuNTIxaDI4Ljk1OWMwLjg0IDAgMS41Mi0wLjY4MSAxLjUyLTEuNTIxdi0yOC45NTljMC0wLjg0LTAuNjgxLTEuNTIxLTEuNTItMS41MjF2MHoiIG9wYWNpdHk9IjEiIHZpc2liaWxpdHk9ImZhbHNlIiBmaWxsPSIjZDdkN2Q3Ij48L3BhdGg+Cgk8cGF0aCBkPSJNMTIuMjI4IDM1LjIyNHYtMy4zMjljMC0wLjE0NSAwLjA1OC0wLjI4NSAwLjE2LTAuMzg4bDUuNTg3LTUuNTg3YzAuMjE0LTAuMjE0IDAuNTYxLTAuMjE0IDAuNzc1IDBsMi4xMTkgMi4xMTljMC4yMTQgMC4yMTQgMC41NjEgMC4yMTQgMC43NzUgMGw4LjE5MS04LjE5MmMwLjIxNC0wLjIxNCAwLjU2MS0wLjIxNCAwLjc3NSAwbDUgNWMwLjEwMyAwLjEwMyAwLjE2IDAuMjQyIDAuMTYgMC4zODh2OS45ODhjMCAwLjMwMy0wLjI0NSAwLjU0OC0wLjU0OCAwLjU0OGgtMjIuNDQ3Yy0wLjMwMyAwLTAuNTQ4LTAuMjQ1LTAuNTQ4LTAuNTQ4eiIgb3BhY2l0eT0iMSIgdmlzaWJpbGl0eT0iZmFsc2UiIGZpbGw9IiNkN2Q3ZDciPjwvcGF0aD4KCTxwYXRoIGQ9Ik0yMS41NDQgMTcuOTY3YzAgMS45ODItMS42MDYgMy41ODgtMy41ODggMy41ODhzLTMuNTg4LTEuNjA2LTMuNTg4LTMuNTg4YzAtMS45ODEgMS42MDYtMy41ODggMy41ODgtMy41ODhzMy41ODggMS42MDYgMy41ODggMy41ODh6IiBvcGFjaXR5PSIxIiB2aXNpYmlsaXR5PSJmYWxzZSIgZmlsbD0iI2Q3ZDdkNyI+PC9wYXRoPgo8L3N2Zz4K" alt="Birds Eye Steamfresh Sweet Peas" skeleton-box-size="9rem" class="product-grid-image object-contain"></div></div> <div class="mobile-product-list-cell_info"><div class="product-tile_detail"><div class="skeleton-loader_wrapper cursor-pointer"><div class="product-grid-cell_price-container product-grid-cell_price-container--mobile"><span class="product-grid-cell_main-price"><!---->
    $1.89
  </span> <!----></div> <!----></div> <!----></div> <div class="mobile-product-list-cell_name-content"><div class="skeleton-loader_wrapper"><div class="product-grid-cell_name"><a id="product-name-140213-16760862670494144" href="#" data-opens-modal="true" aria-haspopup="dialog" class="product-grid-cell_name-text product-grid-cell_name-text--clamp-2"><!---->
    Birds Eye Steamfresh Sweet Peas
  </a></div> <!----> <!----></div> <div class="skeleton-loader_wrapper"><div class="product-grid-cell_sizes"><span class="product-grid-cell_size">
    10 OZ BAG
  </span> <span aria-hidden="true">
    |
  </span> <!----> <span class="product-grid-cell_unit">
    $0.19 / OZ
  </span></div> <!----></div> <!----> <!----> <!----> <!----> <!----> <!----> <!----></div> <div class="mobile-product-list-cell_bottom"><div class="mobile-product-list-cell_bottom_cart-ui-wrapper"><!----> <!----> <div class="pdl-add-to-cart"><div class="pdl-add-to-cart_button"><button aria-label="Add to cart" data-product-id="140213" data-price="1.89" class="button button--add-to-cart">
      Add to cart
      <!----></button> <!----> <!----> <!----></div> <!----></div></div> <!----></div></div></div> <div class="product-tile_action-items"><!----> <!----> <div class="shopping-list-menu_container"><div class="relative-el"><button aria-label="add to shopping list" class="button pdl-product-detail_top-icon button--fourth pdl-product-detail_top-icon--borderless"><!----> <div class="vector-icon-size--large"><svg xmlns="http://www.w3.org/2000/svg" aria-label="Shopping List Icon Add" viewBox="0 0 32 32" role="presentation" aria-hidden="true" focusable="false" class="vector-icon-color--dark-grey"><title lang="en">Shopping List Icon Add</title><desc></desc><g fill="" stroke=""><g><path d="M21.94066,15.3368884 L21.94066,12.8931995 C21.94066,12.3409148 22.3883752,11.8931995 22.94066,11.8931995 C23.4929447,11.8931995 23.94066,12.3409148 23.94066,12.8931995 L23.94066,15.3368884 L26.2522624,15.3368884 C26.8045471,15.3368884 27.2522624,15.7846037 27.2522624,16.3368884 C27.2522624,16.8891732 26.8045471,17.3368884 26.2522624,17.3368884 L23.94066,17.3368884 L23.94066,19.8787952 C23.94066,20.43108 23.4929447,20.8787952 22.94066,20.8787952 C22.3883752,20.8787952 21.94066,20.43108 21.94066,19.8787952 L21.94066,17.3368884 L19.2666667,17.3368884 C18.7143819,17.3368884 18.2666667,16.8891732 18.2666667,16.3368884 C18.2666667,15.7846037 18.7143819,15.3368884 19.2666667,15.3368884 L21.94066,15.3368884 Z M8,12 C7.44771525,12 7,11.5522847 7,11 C7,10.4477153 7.44771525,10 8,10 L19.1153581,10 C19.6676429,10 20.1153581,10.4477153 20.1153581,11 C20.1153581,11.5522847 19.6676429,12 19.1153581,12 L8,12 Z M8,17.3368884 C7.44771525,17.3368884 7,16.8891732 7,16.3368884 C7,15.7846037 7.44771525,15.3368884 8,15.3368884 L14.7200696,15.3368884 C15.2723543,15.3368884 15.7200696,15.7846037 15.7200696,16.3368884 C15.7200696,16.8891732 15.2723543,17.3368884 14.7200696,17.3368884 L8,17.3368884 Z M8,23 C7.44771525,23 7,22.5522847 7,22 C7,21.4477153 7.44771525,21 8,21 L19.1153581,21 C19.6676429,21 20.1153581,21.4477153 20.1153581,22 C20.1153581,22.5522847 19.6676429,23 19.1153581,23 L8,23 Z" fill="#000000" fill-rule="nonzero"></path></g></g></svg></div> <div class="pdl-product-detail_list-tooltip"><p>Add item to shopping list</p> <em></em></div></button></div></div></div> <!----></li> <!----><!----> <!----> <!----> <!----> <li tabindex="-1" data-product-id="100478" class="slot mobile-product-list-cell"><!----> <!----> <!----> <!----> <div class="mobile-product-list-cell_content"><div><!----> <div class="flag_outer-container"><!----> <!----> <!----> <!----></div></div> <div class="mobile-product-list-cell_left"><div><!----> <img src="data:image/svg+xml;base64,PD94bWwgdmVyc2lvbj0iMS4wIiBlbmNvZGluZz0idXRmLTgiPz4KPCEtLSBHZW5lcmF0ZWQgYnkgSWNvTW9vbi5pbyAtLT4KPCFET0NUWVBFIHN2ZyBQVUJMSUMgIi0vL1czQy8vRFREIFNWRyAxLjEvL0VOIiAiaHR0cDovL3d3dy53My5vcmcvR3JhcGhpY3MvU1ZHLzEuMS9EVEQvc3ZnMTEuZHRkIj4KPHN2ZyB2ZXJzaW9uPSIxLjEiIHhtbG5zPSJodHRwOi8vd3d3LnczLm9yZy8yMDAwL3N2ZyIgeG1sbnM6eGxpbms9Imh0dHA6Ly93d3cudzMub3JnLzE5OTkveGxpbmsiIHdpZHRoPSI0OCIgaGVpZ2h0PSI0OCIgdmlld0JveD0iMCAwIDQ4IDQ4Ij4KPGcgaWQ9Imljb21vb24taWdub3JlIj4KCTxsaW5lIHN0cm9rZS13aWR0aD0iMSIgeDE9IiIgeTE9IiIgeDI9IiIgeTI9IiIgc3Ryb2tlPSIjNDQ5RkRCIiBvcGFjaXR5PSIiPjwvbGluZT4KPC9nPgoJPHBhdGggZD0iTTM4LjQ4IDkuMDcwYzAuMjQ4IDAgMC40NSAwLjIwMiAwLjQ1IDAuNDV2MjguOTU5YzAgMC4yNDgtMC4yMDIgMC40NS0wLjQ1IDAuNDVoLTI4Ljk1OWMtMC4yNDggMC0wLjQ1LTAuMjAyLTAuNDUtMC40NXYtMjguOTU5YzAtMC4yNDggMC4yMDItMC40NSAwLjQ1LTAuNDVoMjguOTU5ek0zOC40OCA4aC0yOC45NTljLTAuODQgMC0xLjUyIDAuNjgxLTEuNTIgMS41MjF2MjguOTU5YzAgMC44NCAwLjY4MSAxLjUyMSAxLjUyIDEuNTIxaDI4Ljk1OWMwLjg0IDAgMS41Mi0wLjY4MSAxLjUyLTEuNTIxdi0yOC45NTljMC0wLjg0LTAuNjgxLTEuNTIxLTEuNTItMS41MjF2MHoiIG9wYWNpdHk9IjEiIHZpc2liaWxpdHk9ImZhbHNlIiBmaWxsPSIjZDdkN2Q3Ij48L3BhdGg+Cgk8cGF0aCBkPSJNMTIuMjI4IDM1LjIyNHYtMy4zMjljMC0wLjE0NSAwLjA1OC0wLjI4NSAwLjE2LTAuMzg4bDUuNTg3LTUuNTg3YzAuMjE0LTAuMjE0IDAuNTYxLTAuMjE0IDAuNzc1IDBsMi4xMTkgMi4xMTljMC4yMTQgMC4yMTQgMC41NjEgMC4yMTQgMC43NzUgMGw4LjE5MS04LjE5MmMwLjIxNC0wLjIxNCAwLjU2MS0wLjIxNCAwLjc3NSAwbDUgNWMwLjEwMyAwLjEwMyAwLjE2IDAuMjQyIDAuMTYgMC4zODh2OS45ODhjMCAwLjMwMy0wLjI0NSAwLjU0OC0wLjU0OCAwLjU0OGgtMjIuNDQ3Yy0wLjMwMyAwLTAuNTQ4LTAuMjQ1LTAuNTQ4LTAuNTQ4eiIgb3BhY2l0eT0iMSIgdmlzaWJpbGl0eT0iZmFsc2UiIGZpbGw9IiNkN2Q3ZDciPjwvcGF0aD4KCTxwYXRoIGQ9Ik0yMS41NDQgMTcuOTY3YzAgMS45ODItMS42MDYgMy41ODgtMy41ODggMy41ODhzLTMuNTg4LTEuNjA2LTMuNTg4LTMuNTg4YzAtMS45ODEgMS42MDYtMy41ODggMy41ODgtMy41ODhzMy41ODggMS42MDYgMy41ODggMy41ODh6IiBvcGFjaXR5PSIxIiB2aXNpYmlsaXR5PSJmYWxzZSIgZmlsbD0iI2Q3ZDdkNyI+PC9wYXRoPgo8L3N2Zz4K" alt="Boar's Head Deli Ham Branded Deluxe Lower Sodium (Thin Sliced)" skeleton-box-size="9rem" class="product-grid-image object-contain"></div></div> <div class="mobile-product-list-cell_info"><div class="product-tile_detail"><div class="skeleton-loader_wrapper cursor-pointer"><div class="product-grid-cell_price-container product-grid-cell_price-container--mobile"><span class="product-grid-cell_main-price"><!---->
    $6.50
  </span> <!----></div> <!----></div> <!----></div> <div class="mobile-product-list-cell_name-content"><div class="skeleton-loader_wrapper"><div class="product-grid-cell_name"><a id="product-name-100478-16760862670528077" href="#" data-opens-modal="true" aria-haspopup="dialog" class="product-grid-cell_name-text product-grid-cell_name-text--clamp-2"><!---->
    Boar's Head Deli Ham Branded Deluxe Lower Sodium (Thin Sliced)
  </a></div> <!----> <!----></div> <div class="skeleton-loader_wrapper"><div class="product-grid-cell_sizes"><span class="product-grid-cell_size">
    APX 1/2 LB
  </span> <span aria-hidden="true">
    |
  </span> <!----> <span class="product-grid-cell_unit">
    $12.99 / LB
  </span></div> <!----></div> <!----> <!----> <!----> <!----> <!----> <!----> <!----></div> <div class="mobile-product-list-cell_bottom"><div class="mobile-product-list-cell_bottom_cart-ui-wrapper"><!----> <!----> <div class="pdl-add-to-cart"><div class="pdl-add-to-cart_button"><button aria-label="Add to cart" data-product-id="100478" data-price="6.5" class="button button--add-to-cart">
      Add to cart
      <!----></button> <!----> <!----> <!----></div> <!----></div></div> <!----></div></div></div> <div class="product-tile_action-items"><!----> <!----> <div class="shopping-list-menu_container"><div class="relative-el"><button aria-label="add to shopping list" class="button pdl-product-detail_top-icon button--fourth pdl-product-detail_top-icon--borderless"><!----> <div class="vector-icon-size--large"><svg xmlns="http://www.w3.org/2000/svg" aria-label="Shopping List Icon Add" viewBox="0 0 32 32" role="presentation" aria-hidden="true" focusable="false" class="vector-icon-color--dark-grey"><title lang="en">Shopping List Icon Add</title><desc></desc><g fill="" stroke=""><g><path d="M21.94066,15.3368884 L21.94066,12.8931995 C21.94066,12.3409148 22.3883752,11.8931995 22.94066,11.8931995 C23.4929447,11.8931995 23.94066,12.3409148 23.94066,12.8931995 L23.94066,15.3368884 L26.2522624,15.3368884 C26.8045471,15.3368884 27.2522624,15.7846037 27.2522624,16.3368884 C27.2522624,16.8891732 26.8045471,17.3368884 26.2522624,17.3368884 L23.94066,17.3368884 L23.94066,19.8787952 C23.94066,20.43108 23.4929447,20.8787952 22.94066,20.8787952 C22.3883752,20.8787952 21.94066,20.43108 21.94066,19.8787952 L21.94066,17.3368884 L19.2666667,17.3368884 C18.7143819,17.3368884 18.2666667,16.8891732 18.2666667,16.3368884 C18.2666667,15.7846037 18.7143819,15.3368884 19.2666667,15.3368884 L21.94066,15.3368884 Z M8,12 C7.44771525,12 7,11.5522847 7,11 C7,10.4477153 7.44771525,10 8,10 L19.1153581,10 C19.6676429,10 20.1153581,10.4477153 20.1153581,11 C20.1153581,11.5522847 19.6676429,12 19.1153581,12 L8,12 Z M8,17.3368884 C7.44771525,17.3368884 7,16.8891732 7,16.3368884 C7,15.7846037 7.44771525,15.3368884 8,15.3368884 L14.7200696,15.3368884 C15.2723543,15.3368884 15.7200696,15.7846037 15.7200696,16.3368884 C15.7200696,16.8891732 15.2723543,17.3368884 14.7200696,17.3368884 L8,17.3368884 Z M8,23 C7.44771525,23 7,22.5522847 7,22 C7,21.4477153 7.44771525,21 8,21 L19.1153581,21 C19.6676429,21 20.1153581,21.4477153 20.1153581,22 C20.1153581,22.5522847 19.6676429,23 19.1153581,23 L8,23 Z" fill="#000000" fill-rule="nonzero"></path></g></g></svg></div> <div class="pdl-product-detail_list-tooltip"><p>Add item to shopping list</p> <em></em></div></button></div></div></div> <!----></li> <!----><!----> <!----> <!----> <!----> <li tabindex="-1" data-product-id="157925" class="slot mobile-product-list-cell"><!----> <!----> <!----> <!----> <div class="mobile-product-list-cell_content"><div><!----> <div class="flag_outer-container"><!----> <!----> <!----> <!----></div></div> <div class="mobile-product-list-cell_left"><div><!----> <img src="data:image/svg+xml;base64,PD94bWwgdmVyc2lvbj0iMS4wIiBlbmNvZGluZz0idXRmLTgiPz4KPCEtLSBHZW5lcmF0ZWQgYnkgSWNvTW9vbi5pbyAtLT4KPCFET0NUWVBFIHN2ZyBQVUJMSUMgIi0vL1czQy8vRFREIFNWRyAxLjEvL0VOIiAiaHR0cDovL3d3dy53My5vcmcvR3JhcGhpY3MvU1ZHLzEuMS9EVEQvc3ZnMTEuZHRkIj4KPHN2ZyB2ZXJzaW9uPSIxLjEiIHhtbG5zPSJodHRwOi8vd3d3LnczLm9yZy8yMDAwL3N2ZyIgeG1sbnM6eGxpbms9Imh0dHA6Ly93d3cudzMub3JnLzE5OTkveGxpbmsiIHdpZHRoPSI0OCIgaGVpZ2h0PSI0OCIgdmlld0JveD0iMCAwIDQ4IDQ4Ij4KPGcgaWQ9Imljb21vb24taWdub3JlIj4KCTxsaW5lIHN0cm9rZS13aWR0aD0iMSIgeDE9IiIgeTE9IiIgeDI9IiIgeTI9IiIgc3Ryb2tlPSIjNDQ5RkRCIiBvcGFjaXR5PSIiPjwvbGluZT4KPC9nPgoJPHBhdGggZD0iTTM4LjQ4IDkuMDcwYzAuMjQ4IDAgMC40NSAwLjIwMiAwLjQ1IDAuNDV2MjguOTU5YzAgMC4yNDgtMC4yMDIgMC40NS0wLjQ1IDAuNDVoLTI4Ljk1OWMtMC4yNDggMC0wLjQ1LTAuMjAyLTAuNDUtMC40NXYtMjguOTU5YzAtMC4yNDggMC4yMDItMC40NSAwLjQ1LTAuNDVoMjguOTU5ek0zOC40OCA4aC0yOC45NTljLTAuODQgMC0xLjUyIDAuNjgxLTEuNTIgMS41MjF2MjguOTU5YzAgMC44NCAwLjY4MSAxLjUyMSAxLjUyIDEuNTIxaDI4Ljk1OWMwLjg0IDAgMS41Mi0wLjY4MSAxLjUyLTEuNTIxdi0yOC45NTljMC0wLjg0LTAuNjgxLTEuNTIxLTEuNTItMS41MjF2MHoiIG9wYWNpdHk9IjEiIHZpc2liaWxpdHk9ImZhbHNlIiBmaWxsPSIjZDdkN2Q3Ij48L3BhdGg+Cgk8cGF0aCBkPSJNMTIuMjI4IDM1LjIyNHYtMy4zMjljMC0wLjE0NSAwLjA1OC0wLjI4NSAwLjE2LTAuMzg4bDUuNTg3LTUuNTg3YzAuMjE0LTAuMjE0IDAuNTYxLTAuMjE0IDAuNzc1IDBsMi4xMTkgMi4xMTljMC4yMTQgMC4yMTQgMC41NjEgMC4yMTQgMC43NzUgMGw4LjE5MS04LjE5MmMwLjIxNC0wLjIxNCAwLjU2MS0wLjIxNCAwLjc3NSAwbDUgNWMwLjEwMyAwLjEwMyAwLjE2IDAuMjQyIDAuMTYgMC4zODh2OS45ODhjMCAwLjMwMy0wLjI0NSAwLjU0OC0wLjU0OCAwLjU0OGgtMjIuNDQ3Yy0wLjMwMyAwLTAuNTQ4LTAuMjQ1LTAuNTQ4LTAuNTQ4eiIgb3BhY2l0eT0iMSIgdmlzaWJpbGl0eT0iZmFsc2UiIGZpbGw9IiNkN2Q3ZDciPjwvcGF0aD4KCTxwYXRoIGQ9Ik0yMS41NDQgMTcuOTY3YzAgMS45ODItMS42MDYgMy41ODgtMy41ODggMy41ODhzLTMuNTg4LTEuNjA2LTMuNTg4LTMuNTg4YzAtMS45ODEgMS42MDYtMy41ODggMy41ODgtMy41ODhzMy41ODggMS42MDYgMy41ODggMy41ODh6IiBvcGFjaXR5PSIxIiB2aXNpYmlsaXR5PSJmYWxzZSIgZmlsbD0iI2Q3ZDdkNyI+PC9wYXRoPgo8L3N2Zz4K" alt="Stop &amp; Shop Seltzer Water Raspberry &amp; Lime - 12 pk" skeleton-box-size="9rem" class="product-grid-image object-contain"></div></div> <div class="mobile-product-list-cell_info"><div class="product-tile_detail"><div class="skeleton-loader_wrapper cursor-pointer"><div class="product-grid-cell_price-container product-grid-cell_price-container--mobile"><span class="product-grid-cell_main-price"><!---->
    $3.99
  </span> <!----></div> <!----></div> <!----></div> <div class="mobile-product-list-cell_name-content"><div class="skeleton-loader_wrapper"><div class="product-grid-cell_name"><a id="product-name-157925-16760862670547046" href="#" data-opens-modal="true" aria-haspopup="dialog" class="product-grid-cell_name-text product-grid-cell_name-text--clamp-2"><span class="vector-icon_inline-text--left mr-0"><div class="vector-icon-size--xsmall"><svg xmlns="http://www.w3.org/2000/svg" aria-label="Ahold Icon" viewBox="0 0 1024 945" role="presentation" aria-hidden="true" focusable="false" class=""><title lang="en">Ahold Icon</title><desc></desc><g fill="" stroke=""><g><path d="M1.893 730.617c-1.289-2.094-2.052-4.631-2.052-7.346 0-.747.058-1.481.169-2.197.158-12.396 10.227-22.466 22.687-22.634h895.306c12.476.168 22.545 10.237 22.713 22.698-.521 3.721-1.182 6.924-2.024 10.053l.131-.574c-86.363 175.072-263.598 293.385-468.466 293.385S88.254 905.689 3.252 733.663l-1.361-3.046z" fill="#F7A800" class="path1"></path> <path d="M107.889 132.495c1.893-1.893 1.893-3.786 3.786-5.678 2.98-3.491 7.385-5.69 12.303-5.69s9.323 2.199 12.284 5.668l.019.022L613.264 603.8c3.491 2.98 5.69 7.385 5.69 12.303s-2.199 9.323-5.668 12.284c-1.399 1.869-3.361 3.216-5.631 3.789l-.069.015c-38.446 13.732-82.796 21.669-129.001 21.669-108.416 0-206.626-43.699-277.977-114.443C130.241 467.591 86.799 369.1 86.799 260.462c0-45.803 7.722-89.803 21.936-130.767l-.845 2.8z" fill="#E2231A" class="path2"></path> <path d="M600.015 1.893a6.922 6.922 0 0 1 5.713-1.889c.057-.006.164-.007.272-.007 7.15 0 12.947 5.796 12.947 12.947 0 .108-.001.215-.004.322v-.016 503.482c.002.091.004.199.004.306 0 7.15-5.796 12.947-12.947 12.947-.108 0-.215-.001-.322-.004a6.925 6.925 0 0 1-5.665-1.895l.002.002c-98.273-48.542-164.673-148.065-164.673-263.098S501.743 50.434 598.306 2.657l1.709-.765z" fill="#712177" class="path3"></path> <path d="M938.824 283.919c1.893 0 1.893 1.893 3.786 1.893 1.765 2.012 2.841 4.666 2.841 7.571s-1.077 5.559-2.853 7.584l.011-.013-268.776 266.884c-2.012 1.765-4.666 2.841-7.571 2.841s-5.559-1.077-7.584-2.853a3.774 3.774 0 0 1-1.877-3.793l-.002.019c-7.681-21.529-12.12-46.363-12.12-72.235 0-61.263 24.891-116.712 65.111-156.786 39.326-39.792 93.895-64.431 154.219-64.431 26.857 0 52.573 4.884 76.309 13.812l-1.494-.493z" fill="#82BC00" class="path4"></path></g></g></svg></div></span>
    Stop &amp; Shop Seltzer Water Raspberry &amp; Lime - 12 pk
  </a></div> <!----> <!----></div> <div class="skeleton-loader_wrapper"><div class="product-grid-cell_sizes"><span class="product-grid-cell_size">
    12 OZ CAN
  </span> <span aria-hidden="true">
    |
  </span> <!----> <span class="product-grid-cell_unit">
    $0.03 / OZ
  </span></div> <!----></div> <!----> <!----> <!----> <!----> <!----> <!----> <!----></div> <div class="mobile-product-list-cell_bottom"><div class="mobile-product-list-cell_bottom_cart-ui-wrapper"><!----> <!----> <div class="pdl-add-to-cart"><div class="pdl-add-to-cart_button"><button aria-label="Add to cart" data-product-id="157925" data-price="3.99" class="button button--add-to-cart">
      Add to cart
      <!----></button> <!----> <!----> <!----></div> <!----></div></div> <!----></div></div></div> <div class="product-tile_action-items"><!----> <!----> <div class="shopping-list-menu_container"><div class="relative-el"><button aria-label="add to shopping list" class="button pdl-product-detail_top-icon button--fourth pdl-product-detail_top-icon--borderless"><!----> <div class="vector-icon-size--large"><svg xmlns="http://www.w3.org/2000/svg" aria-label="Shopping List Icon Add" viewBox="0 0 32 32" role="presentation" aria-hidden="true" focusable="false" class="vector-icon-color--dark-grey"><title lang="en">Shopping List Icon Add</title><desc></desc><g fill="" stroke=""><g><path d="M21.94066,15.3368884 L21.94066,12.8931995 C21.94066,12.3409148 22.3883752,11.8931995 22.94066,11.8931995 C23.4929447,11.8931995 23.94066,12.3409148 23.94066,12.8931995 L23.94066,15.3368884 L26.2522624,15.3368884 C26.8045471,15.3368884 27.2522624,15.7846037 27.2522624,16.3368884 C27.2522624,16.8891732 26.8045471,17.3368884 26.2522624,17.3368884 L23.94066,17.3368884 L23.94066,19.8787952 C23.94066,20.43108 23.4929447,20.8787952 22.94066,20.8787952 C22.3883752,20.8787952 21.94066,20.43108 21.94066,19.8787952 L21.94066,17.3368884 L19.2666667,17.3368884 C18.7143819,17.3368884 18.2666667,16.8891732 18.2666667,16.3368884 C18.2666667,15.7846037 18.7143819,15.3368884 19.2666667,15.3368884 L21.94066,15.3368884 Z M8,12 C7.44771525,12 7,11.5522847 7,11 C7,10.4477153 7.44771525,10 8,10 L19.1153581,10 C19.6676429,10 20.1153581,10.4477153 20.1153581,11 C20.1153581,11.5522847 19.6676429,12 19.1153581,12 L8,12 Z M8,17.3368884 C7.44771525,17.3368884 7,16.8891732 7,16.3368884 C7,15.7846037 7.44771525,15.3368884 8,15.3368884 L14.7200696,15.3368884 C15.2723543,15.3368884 15.7200696,15.7846037 15.7200696,16.3368884 C15.7200696,16.8891732 15.2723543,17.3368884 14.7200696,17.3368884 L8,17.3368884 Z M8,23 C7.44771525,23 7,22.5522847 7,22 C7,21.4477153 7.44771525,21 8,21 L19.1153581,21 C19.6676429,21 20.1153581,21.4477153 20.1153581,22 C20.1153581,22.5522847 19.6676429,23 19.1153581,23 L8,23 Z" fill="#000000" fill-rule="nonzero"></path></g></g></svg></div> <div class="pdl-product-detail_list-tooltip"><p>Add item to shopping list</p> <em></em></div></button></div></div></div> <!----></li> <!----><!----> <!----> <!----> <!----> <li tabindex="-1" data-product-id="322394" class="slot mobile-product-list-cell"><!----> <!----> <!----> <!----> <div class="mobile-product-list-cell_content"><div><!----> <div class="flag_outer-container"><!----> <!----> <!----> <!----></div></div> <div class="mobile-product-list-cell_left"><div><!----> <img src="data:image/svg+xml;base64,PD94bWwgdmVyc2lvbj0iMS4wIiBlbmNvZGluZz0idXRmLTgiPz4KPCEtLSBHZW5lcmF0ZWQgYnkgSWNvTW9vbi5pbyAtLT4KPCFET0NUWVBFIHN2ZyBQVUJMSUMgIi0vL1czQy8vRFREIFNWRyAxLjEvL0VOIiAiaHR0cDovL3d3dy53My5vcmcvR3JhcGhpY3MvU1ZHLzEuMS9EVEQvc3ZnMTEuZHRkIj4KPHN2ZyB2ZXJzaW9uPSIxLjEiIHhtbG5zPSJodHRwOi8vd3d3LnczLm9yZy8yMDAwL3N2ZyIgeG1sbnM6eGxpbms9Imh0dHA6Ly93d3cudzMub3JnLzE5OTkveGxpbmsiIHdpZHRoPSI0OCIgaGVpZ2h0PSI0OCIgdmlld0JveD0iMCAwIDQ4IDQ4Ij4KPGcgaWQ9Imljb21vb24taWdub3JlIj4KCTxsaW5lIHN0cm9rZS13aWR0aD0iMSIgeDE9IiIgeTE9IiIgeDI9IiIgeTI9IiIgc3Ryb2tlPSIjNDQ5RkRCIiBvcGFjaXR5PSIiPjwvbGluZT4KPC9nPgoJPHBhdGggZD0iTTM4LjQ4IDkuMDcwYzAuMjQ4IDAgMC40NSAwLjIwMiAwLjQ1IDAuNDV2MjguOTU5YzAgMC4yNDgtMC4yMDIgMC40NS0wLjQ1IDAuNDVoLTI4Ljk1OWMtMC4yNDggMC0wLjQ1LTAuMjAyLTAuNDUtMC40NXYtMjguOTU5YzAtMC4yNDggMC4yMDItMC40NSAwLjQ1LTAuNDVoMjguOTU5ek0zOC40OCA4aC0yOC45NTljLTAuODQgMC0xLjUyIDAuNjgxLTEuNTIgMS41MjF2MjguOTU5YzAgMC44NCAwLjY4MSAxLjUyMSAxLjUyIDEuNTIxaDI4Ljk1OWMwLjg0IDAgMS41Mi0wLjY4MSAxLjUyLTEuNTIxdi0yOC45NTljMC0wLjg0LTAuNjgxLTEuNTIxLTEuNTItMS41MjF2MHoiIG9wYWNpdHk9IjEiIHZpc2liaWxpdHk9ImZhbHNlIiBmaWxsPSIjZDdkN2Q3Ij48L3BhdGg+Cgk8cGF0aCBkPSJNMTIuMjI4IDM1LjIyNHYtMy4zMjljMC0wLjE0NSAwLjA1OC0wLjI4NSAwLjE2LTAuMzg4bDUuNTg3LTUuNTg3YzAuMjE0LTAuMjE0IDAuNTYxLTAuMjE0IDAuNzc1IDBsMi4xMTkgMi4xMTljMC4yMTQgMC4yMTQgMC41NjEgMC4yMTQgMC43NzUgMGw4LjE5MS04LjE5MmMwLjIxNC0wLjIxNCAwLjU2MS0wLjIxNCAwLjc3NSAwbDUgNWMwLjEwMyAwLjEwMyAwLjE2IDAuMjQyIDAuMTYgMC4zODh2OS45ODhjMCAwLjMwMy0wLjI0NSAwLjU0OC0wLjU0OCAwLjU0OGgtMjIuNDQ3Yy0wLjMwMyAwLTAuNTQ4LTAuMjQ1LTAuNTQ4LTAuNTQ4eiIgb3BhY2l0eT0iMSIgdmlzaWJpbGl0eT0iZmFsc2UiIGZpbGw9IiNkN2Q3ZDciPjwvcGF0aD4KCTxwYXRoIGQ9Ik0yMS41NDQgMTcuOTY3YzAgMS45ODItMS42MDYgMy41ODgtMy41ODggMy41ODhzLTMuNTg4LTEuNjA2LTMuNTg4LTMuNTg4YzAtMS45ODEgMS42MDYtMy41ODggMy41ODgtMy41ODhzMy41ODggMS42MDYgMy41ODggMy41ODh6IiBvcGFjaXR5PSIxIiB2aXNpYmlsaXR5PSJmYWxzZSIgZmlsbD0iI2Q3ZDdkNyI+PC9wYXRoPgo8L3N2Zz4K" alt="Nature's Promise Fresh Brown Eggs Large Free Range" skeleton-box-size="9rem" class="product-grid-image object-contain"></div></div> <div class="mobile-product-list-cell_info"><div class="product-tile_detail"><div class="skeleton-loader_wrapper cursor-pointer"><div class="product-grid-cell_price-container product-grid-cell_price-container--mobile"><span class="product-grid-cell_main-price"><!---->
    $7.39
  </span> <!----></div> <!----></div> <!----></div> <div class="mobile-product-list-cell_name-content"><div class="skeleton-loader_wrapper"><div class="product-grid-cell_name"><a id="product-name-322394-16760862670588798" href="#" data-opens-modal="true" aria-haspopup="dialog" class="product-grid-cell_name-text product-grid-cell_name-text--clamp-2"><span class="vector-icon_inline-text--left mr-0"><div class="vector-icon-size--xsmall"><svg xmlns="http://www.w3.org/2000/svg" aria-label="Ahold Icon" viewBox="0 0 1024 945" role="presentation" aria-hidden="true" focusable="false" class=""><title lang="en">Ahold Icon</title><desc></desc><g fill="" stroke=""><g><path d="M1.893 730.617c-1.289-2.094-2.052-4.631-2.052-7.346 0-.747.058-1.481.169-2.197.158-12.396 10.227-22.466 22.687-22.634h895.306c12.476.168 22.545 10.237 22.713 22.698-.521 3.721-1.182 6.924-2.024 10.053l.131-.574c-86.363 175.072-263.598 293.385-468.466 293.385S88.254 905.689 3.252 733.663l-1.361-3.046z" fill="#F7A800" class="path1"></path> <path d="M107.889 132.495c1.893-1.893 1.893-3.786 3.786-5.678 2.98-3.491 7.385-5.69 12.303-5.69s9.323 2.199 12.284 5.668l.019.022L613.264 603.8c3.491 2.98 5.69 7.385 5.69 12.303s-2.199 9.323-5.668 12.284c-1.399 1.869-3.361 3.216-5.631 3.789l-.069.015c-38.446 13.732-82.796 21.669-129.001 21.669-108.416 0-206.626-43.699-277.977-114.443C130.241 467.591 86.799 369.1 86.799 260.462c0-45.803 7.722-89.803 21.936-130.767l-.845 2.8z" fill="#E2231A" class="path2"></path> <path d="M600.015 1.893a6.922 6.922 0 0 1 5.713-1.889c.057-.006.164-.007.272-.007 7.15 0 12.947 5.796 12.947 12.947 0 .108-.001.215-.004.322v-.016 503.482c.002.091.004.199.004.306 0 7.15-5.796 12.947-12.947 12.947-.108 0-.215-.001-.322-.004a6.925 6.925 0 0 1-5.665-1.895l.002.002c-98.273-48.542-164.673-148.065-164.673-263.098S501.743 50.434 598.306 2.657l1.709-.765z" fill="#712177" class="path3"></path> <path d="M938.824 283.919c1.893 0 1.893 1.893 3.786 1.893 1.765 2.012 2.841 4.666 2.841 7.571s-1.077 5.559-2.853 7.584l.011-.013-268.776 266.884c-2.012 1.765-4.666 2.841-7.571 2.841s-5.559-1.077-7.584-2.853a3.774 3.774 0 0 1-1.877-3.793l-.002.019c-7.681-21.529-12.12-46.363-12.12-72.235 0-61.263 24.891-116.712 65.111-156.786 39.326-39.792 93.895-64.431 154.219-64.431 26.857 0 52.573 4.884 76.309 13.812l-1.494-.493z" fill="#82BC00" class="path4"></path></g></g></svg></div></span>
    Nature's Promise Fresh Brown Eggs Large Free Range
  </a></div> <!----> <!----></div> <div class="skeleton-loader_wrapper"><div class="product-grid-cell_sizes"><span class="product-grid-cell_size">
    1.5 DOZ
  </span> <span aria-hidden="true">
    |
  </span> <!----> <span class="product-grid-cell_unit">
    $4.93 / DOZ
  </span></div> <!----></div> <!----> <!----> <!----> <!----> <!----> <!----> <!----></div> <div class="mobile-product-list-cell_bottom"><div class="mobile-product-list-cell_bottom_cart-ui-wrapper"><!----> <!----> <div class="pdl-add-to-cart"><div class="pdl-add-to-cart_button"><button aria-label="Add to cart" data-product-id="322394" data-price="7.39" class="button button--add-to-cart">
      Add to cart
      <!----></button> <!----> <!----> <!----></div> <!----></div></div> <!----></div></div></div> <div class="product-tile_action-items"><!----> <!----> <div class="shopping-list-menu_container"><div class="relative-el"><button aria-label="add to shopping list" class="button pdl-product-detail_top-icon button--fourth pdl-product-detail_top-icon--borderless"><!----> <div class="vector-icon-size--large"><svg xmlns="http://www.w3.org/2000/svg" aria-label="Shopping List Icon Add" viewBox="0 0 32 32" role="presentation" aria-hidden="true" focusable="false" class="vector-icon-color--dark-grey"><title lang="en">Shopping List Icon Add</title><desc></desc><g fill="" stroke=""><g><path d="M21.94066,15.3368884 L21.94066,12.8931995 C21.94066,12.3409148 22.3883752,11.8931995 22.94066,11.8931995 C23.4929447,11.8931995 23.94066,12.3409148 23.94066,12.8931995 L23.94066,15.3368884 L26.2522624,15.3368884 C26.8045471,15.3368884 27.2522624,15.7846037 27.2522624,16.3368884 C27.2522624,16.8891732 26.8045471,17.3368884 26.2522624,17.3368884 L23.94066,17.3368884 L23.94066,19.8787952 C23.94066,20.43108 23.4929447,20.8787952 22.94066,20.8787952 C22.3883752,20.8787952 21.94066,20.43108 21.94066,19.8787952 L21.94066,17.3368884 L19.2666667,17.3368884 C18.7143819,17.3368884 18.2666667,16.8891732 18.2666667,16.3368884 C18.2666667,15.7846037 18.7143819,15.3368884 19.2666667,15.3368884 L21.94066,15.3368884 Z M8,12 C7.44771525,12 7,11.5522847 7,11 C7,10.4477153 7.44771525,10 8,10 L19.1153581,10 C19.6676429,10 20.1153581,10.4477153 20.1153581,11 C20.1153581,11.5522847 19.6676429,12 19.1153581,12 L8,12 Z M8,17.3368884 C7.44771525,17.3368884 7,16.8891732 7,16.3368884 C7,15.7846037 7.44771525,15.3368884 8,15.3368884 L14.7200696,15.3368884 C15.2723543,15.3368884 15.7200696,15.7846037 15.7200696,16.3368884 C15.7200696,16.8891732 15.2723543,17.3368884 14.7200696,17.3368884 L8,17.3368884 Z M8,23 C7.44771525,23 7,22.5522847 7,22 C7,21.4477153 7.44771525,21 8,21 L19.1153581,21 C19.6676429,21 20.1153581,21.4477153 20.1153581,22 C20.1153581,22.5522847 19.6676429,23 19.1153581,23 L8,23 Z" fill="#000000" fill-rule="nonzero"></path></g></g></svg></div> <div class="pdl-product-detail_list-tooltip"><p>Add item to shopping list</p> <em></em></div></button></div></div></div> <!----></li> <!----><!----> <!----> <!----> <!----> <li tabindex="-1" data-product-id="14329" class="slot mobile-product-list-cell"><!----> <!----> <!----> <!----> <div class="mobile-product-list-cell_content"><div><!----> <div class="flag_outer-container"><div class=""><svg xmlns="http://www.w3.org/2000/svg" aria-label="Sale" viewBox="0 0 32 32" role="presentation" aria-hidden="true" focusable="false" class="w-20 ml-3"><title lang="en">Sale</title><desc></desc><g fill="" stroke=""><g><path d="M16.56 19.87a3.81 3.81 0 0 1-1-.13l-13.39-3.5a1.5 1.5 0 0 1-1.12-1.34l-.81-11a1.52 1.52 0 0 1 1.39-1.61l27.69-2h.11a1.51 1.51 0 0 1 1.5 1.4l.82 11a1.52 1.52 0 0 1-.91 1.5l-12.72 5.36a3.79 3.79 0 0 1-1.56.32Z" fill="#ed1256"></path><path fill="#fff" d="M29.43.48a1.26 1.26 0 0 1 1.26 1.17l.82 11a1.27 1.27 0 0 1-.76 1.26L18 19.34a3.72 3.72 0 0 1-1.47.3 3.79 3.79 0 0 1-.94-.12L2.24 16a1.27 1.27 0 0 1-1-1.13l-.81-11a1.26 1.26 0 0 1 1.22-1.33L29.34.48h.09m0-.48h-.13L1.62 2A1.76 1.76 0 0 0 0 3.92l.82 11a1.73 1.73 0 0 0 1.3 1.55L15.5 20a4.3 4.3 0 0 0 1.07.14 4.24 4.24 0 0 0 1.65-.34l12.72-5.44A1.76 1.76 0 0 0 32 12.59l-.82-11A1.76 1.76 0 0 0 29.43 0Z"></path><path fill="#fff" d="M3.74 9.87a3 3 0 0 0 .82.55 2.21 2.21 0 0 0 1.08.19 1.6 1.6 0 0 0 .29 0 1 1 0 0 0 .26-.12.58.58 0 0 0 .18-.2.62.62 0 0 0 0-.31.59.59 0 0 0-.32-.49 3.38 3.38 0 0 0-.85-.34L4.84 9a4.19 4.19 0 0 1-.69-.26 2.44 2.44 0 0 1-.63-.41 1.92 1.92 0 0 1-.7-1.42 2.68 2.68 0 0 1 .1-1A2.2 2.2 0 0 1 3.39 5a2.42 2.42 0 0 1 .82-.6 3.15 3.15 0 0 1 1.17-.28 3.68 3.68 0 0 1 1.72.24 3 3 0 0 1 .57.29A2.66 2.66 0 0 1 8 5l-.82 1.37a4.42 4.42 0 0 0-.82-.45 2 2 0 0 0-.85-.13 1.4 1.4 0 0 0-.28.06A.9.9 0 0 0 5 6a.62.62 0 0 0-.16.2.5.5 0 0 0 0 .28.6.6 0 0 0 .1.31.68.68 0 0 0 .24.2 1.27 1.27 0 0 0 .35.15l.43.13.35.09a7.49 7.49 0 0 1 .69.22 2.2 2.2 0 0 1 .72.42 2.46 2.46 0 0 1 .54.68 2.31 2.31 0 0 1 .27 1 2.15 2.15 0 0 1-.15 1 2.53 2.53 0 0 1-.56.84 2.77 2.77 0 0 1-.88.59 4 4 0 0 1-1.11.27A4.67 4.67 0 0 1 4 12.25a3.79 3.79 0 0 1-1.28-.75ZM11.29 3.89l2.17-.16 3.1 7.7-2 .15L14 10l-2.39.18-.35 1.67-2 .14Zm2.15 4.6-1-2.84-.61 2.95ZM17 3.47l1.89-.14.44 6 3.3-.25.16 1.92-5.19.39ZM23.36 3l5.13-.38.13 1.8-3.24.24.09 1.22 2.66-.2.12 1.7-2.65.2.09 1.35 3.46-.26.13 1.81-5.34.4Z"></path></g></g></svg></div> <!----> <!----> <!----></div></div> <div class="mobile-product-list-cell_left"><div><!----> <img src="data:image/svg+xml;base64,PD94bWwgdmVyc2lvbj0iMS4wIiBlbmNvZGluZz0idXRmLTgiPz4KPCEtLSBHZW5lcmF0ZWQgYnkgSWNvTW9vbi5pbyAtLT4KPCFET0NUWVBFIHN2ZyBQVUJMSUMgIi0vL1czQy8vRFREIFNWRyAxLjEvL0VOIiAiaHR0cDovL3d3dy53My5vcmcvR3JhcGhpY3MvU1ZHLzEuMS9EVEQvc3ZnMTEuZHRkIj4KPHN2ZyB2ZXJzaW9uPSIxLjEiIHhtbG5zPSJodHRwOi8vd3d3LnczLm9yZy8yMDAwL3N2ZyIgeG1sbnM6eGxpbms9Imh0dHA6Ly93d3cudzMub3JnLzE5OTkveGxpbmsiIHdpZHRoPSI0OCIgaGVpZ2h0PSI0OCIgdmlld0JveD0iMCAwIDQ4IDQ4Ij4KPGcgaWQ9Imljb21vb24taWdub3JlIj4KCTxsaW5lIHN0cm9rZS13aWR0aD0iMSIgeDE9IiIgeTE9IiIgeDI9IiIgeTI9IiIgc3Ryb2tlPSIjNDQ5RkRCIiBvcGFjaXR5PSIiPjwvbGluZT4KPC9nPgoJPHBhdGggZD0iTTM4LjQ4IDkuMDcwYzAuMjQ4IDAgMC40NSAwLjIwMiAwLjQ1IDAuNDV2MjguOTU5YzAgMC4yNDgtMC4yMDIgMC40NS0wLjQ1IDAuNDVoLTI4Ljk1OWMtMC4yNDggMC0wLjQ1LTAuMjAyLTAuNDUtMC40NXYtMjguOTU5YzAtMC4yNDggMC4yMDItMC40NSAwLjQ1LTAuNDVoMjguOTU5ek0zOC40OCA4aC0yOC45NTljLTAuODQgMC0xLjUyIDAuNjgxLTEuNTIgMS41MjF2MjguOTU5YzAgMC44NCAwLjY4MSAxLjUyMSAxLjUyIDEuNTIxaDI4Ljk1OWMwLjg0IDAgMS41Mi0wLjY4MSAxLjUyLTEuNTIxdi0yOC45NTljMC0wLjg0LTAuNjgxLTEuNTIxLTEuNTItMS41MjF2MHoiIG9wYWNpdHk9IjEiIHZpc2liaWxpdHk9ImZhbHNlIiBmaWxsPSIjZDdkN2Q3Ij48L3BhdGg+Cgk8cGF0aCBkPSJNMTIuMjI4IDM1LjIyNHYtMy4zMjljMC0wLjE0NSAwLjA1OC0wLjI4NSAwLjE2LTAuMzg4bDUuNTg3LTUuNTg3YzAuMjE0LTAuMjE0IDAuNTYxLTAuMjE0IDAuNzc1IDBsMi4xMTkgMi4xMTljMC4yMTQgMC4yMTQgMC41NjEgMC4yMTQgMC43NzUgMGw4LjE5MS04LjE5MmMwLjIxNC0wLjIxNCAwLjU2MS0wLjIxNCAwLjc3NSAwbDUgNWMwLjEwMyAwLjEwMyAwLjE2IDAuMjQyIDAuMTYgMC4zODh2OS45ODhjMCAwLjMwMy0wLjI0NSAwLjU0OC0wLjU0OCAwLjU0OGgtMjIuNDQ3Yy0wLjMwMyAwLTAuNTQ4LTAuMjQ1LTAuNTQ4LTAuNTQ4eiIgb3BhY2l0eT0iMSIgdmlzaWJpbGl0eT0iZmFsc2UiIGZpbGw9IiNkN2Q3ZDciPjwvcGF0aD4KCTxwYXRoIGQ9Ik0yMS41NDQgMTcuOTY3YzAgMS45ODItMS42MDYgMy41ODgtMy41ODggMy41ODhzLTMuNTg4LTEuNjA2LTMuNTg4LTMuNTg4YzAtMS45ODEgMS42MDYtMy41ODggMy41ODgtMy41ODhzMy41ODggMS42MDYgMy41ODggMy41ODh6IiBvcGFjaXR5PSIxIiB2aXNpYmlsaXR5PSJmYWxzZSIgZmlsbD0iI2Q3ZDdkNyI+PC9wYXRoPgo8L3N2Zz4K" alt="Goya Tomato Sauce Spanish Style" skeleton-box-size="9rem" class="product-grid-image object-contain"></div></div> <div class="mobile-product-list-cell_info"><div class="product-tile_detail"><div class="skeleton-loader_wrapper cursor-pointer"><div class="product-grid-cell_price-container product-grid-cell_price-container_column product-grid-cell_price-container--mobile"><span class="product-grid-cell_main-price product-grid-cell_main-price--on-sale"><span class="sr-only">
      Sale Price
    </span>
    $0.75
  </span> <div class="product-grid-cell_was-container"><span class="product-grid-cell_regular-price product-grid-cell_regular-price--small"><span class="sr-only">
        Original Price
      </span>
      $0.89
    </span></div></div> <!----></div> <!----></div> <div class="mobile-product-list-cell_name-content"><div class="skeleton-loader_wrapper"><div class="product-grid-cell_name"><a id="product-name-14329-16760862670615194" href="#" data-opens-modal="true" aria-haspopup="dialog" class="product-grid-cell_name-text product-grid-cell_name-text--clamp-2"><!---->
    Goya Tomato Sauce Spanish Style
  </a></div> <!----> <!----></div> <div class="skeleton-loader_wrapper"><div class="product-grid-cell_sizes"><span class="product-grid-cell_size">
    8 OZ CAN
  </span> <span aria-hidden="true">
    |
  </span> <!----> <span class="product-grid-cell_unit">
    $0.09 / OZ
  </span></div> <!----></div> <!----> <!----> <!----> <!----> <!----> <!----> <!----></div> <div class="mobile-product-list-cell_bottom"><div class="mobile-product-list-cell_bottom_cart-ui-wrapper"><!----> <!----> <div class="pdl-add-to-cart"><div class="pdl-add-to-cart_button"><button aria-label="Add to cart" data-product-id="14329" data-price="0.75" class="button button--add-to-cart add-sale">
      Add to cart
      <!----></button> <!----> <!----> <!----></div> <!----></div></div> <!----></div></div></div> <div class="product-tile_action-items"><!----> <!----> <div class="shopping-list-menu_container"><div class="relative-el"><button aria-label="add to shopping list" class="button pdl-product-detail_top-icon button--fourth pdl-product-detail_top-icon--borderless"><!----> <div class="vector-icon-size--large"><svg xmlns="http://www.w3.org/2000/svg" aria-label="Shopping List Icon Add" viewBox="0 0 32 32" role="presentation" aria-hidden="true" focusable="false" class="vector-icon-color--dark-grey"><title lang="en">Shopping List Icon Add</title><desc></desc><g fill="" stroke=""><g><path d="M21.94066,15.3368884 L21.94066,12.8931995 C21.94066,12.3409148 22.3883752,11.8931995 22.94066,11.8931995 C23.4929447,11.8931995 23.94066,12.3409148 23.94066,12.8931995 L23.94066,15.3368884 L26.2522624,15.3368884 C26.8045471,15.3368884 27.2522624,15.7846037 27.2522624,16.3368884 C27.2522624,16.8891732 26.8045471,17.3368884 26.2522624,17.3368884 L23.94066,17.3368884 L23.94066,19.8787952 C23.94066,20.43108 23.4929447,20.8787952 22.94066,20.8787952 C22.3883752,20.8787952 21.94066,20.43108 21.94066,19.8787952 L21.94066,17.3368884 L19.2666667,17.3368884 C18.7143819,17.3368884 18.2666667,16.8891732 18.2666667,16.3368884 C18.2666667,15.7846037 18.7143819,15.3368884 19.2666667,15.3368884 L21.94066,15.3368884 Z M8,12 C7.44771525,12 7,11.5522847 7,11 C7,10.4477153 7.44771525,10 8,10 L19.1153581,10 C19.6676429,10 20.1153581,10.4477153 20.1153581,11 C20.1153581,11.5522847 19.6676429,12 19.1153581,12 L8,12 Z M8,17.3368884 C7.44771525,17.3368884 7,16.8891732 7,16.3368884 C7,15.7846037 7.44771525,15.3368884 8,15.3368884 L14.7200696,15.3368884 C15.2723543,15.3368884 15.7200696,15.7846037 15.7200696,16.3368884 C15.7200696,16.8891732 15.2723543,17.3368884 14.7200696,17.3368884 L8,17.3368884 Z M8,23 C7.44771525,23 7,22.5522847 7,22 C7,21.4477153 7.44771525,21 8,21 L19.1153581,21 C19.6676429,21 20.1153581,21.4477153 20.1153581,22 C20.1153581,22.5522847 19.6676429,23 19.1153581,23 L8,23 Z" fill="#000000" fill-rule="nonzero"></path></g></g></svg></div> <div class="pdl-product-detail_list-tooltip"><p>Add item to shopping list</p> <em></em></div></button></div></div></div> <!----></li> <!----><!----> <!----> <!----> <!----> <li tabindex="-1" data-product-id="270787" class="slot mobile-product-list-cell"><!----> <!----> <!----> <!----> <div class="mobile-product-list-cell_content"><div><!----> <div class="flag_outer-container"><!----> <!----> <!----> <!----></div></div> <div class="mobile-product-list-cell_left"><div><!----> <img src="data:image/svg+xml;base64,PD94bWwgdmVyc2lvbj0iMS4wIiBlbmNvZGluZz0idXRmLTgiPz4KPCEtLSBHZW5lcmF0ZWQgYnkgSWNvTW9vbi5pbyAtLT4KPCFET0NUWVBFIHN2ZyBQVUJMSUMgIi0vL1czQy8vRFREIFNWRyAxLjEvL0VOIiAiaHR0cDovL3d3dy53My5vcmcvR3JhcGhpY3MvU1ZHLzEuMS9EVEQvc3ZnMTEuZHRkIj4KPHN2ZyB2ZXJzaW9uPSIxLjEiIHhtbG5zPSJodHRwOi8vd3d3LnczLm9yZy8yMDAwL3N2ZyIgeG1sbnM6eGxpbms9Imh0dHA6Ly93d3cudzMub3JnLzE5OTkveGxpbmsiIHdpZHRoPSI0OCIgaGVpZ2h0PSI0OCIgdmlld0JveD0iMCAwIDQ4IDQ4Ij4KPGcgaWQ9Imljb21vb24taWdub3JlIj4KCTxsaW5lIHN0cm9rZS13aWR0aD0iMSIgeDE9IiIgeTE9IiIgeDI9IiIgeTI9IiIgc3Ryb2tlPSIjNDQ5RkRCIiBvcGFjaXR5PSIiPjwvbGluZT4KPC9nPgoJPHBhdGggZD0iTTM4LjQ4IDkuMDcwYzAuMjQ4IDAgMC40NSAwLjIwMiAwLjQ1IDAuNDV2MjguOTU5YzAgMC4yNDgtMC4yMDIgMC40NS0wLjQ1IDAuNDVoLTI4Ljk1OWMtMC4yNDggMC0wLjQ1LTAuMjAyLTAuNDUtMC40NXYtMjguOTU5YzAtMC4yNDggMC4yMDItMC40NSAwLjQ1LTAuNDVoMjguOTU5ek0zOC40OCA4aC0yOC45NTljLTAuODQgMC0xLjUyIDAuNjgxLTEuNTIgMS41MjF2MjguOTU5YzAgMC44NCAwLjY4MSAxLjUyMSAxLjUyIDEuNTIxaDI4Ljk1OWMwLjg0IDAgMS41Mi0wLjY4MSAxLjUyLTEuNTIxdi0yOC45NTljMC0wLjg0LTAuNjgxLTEuNTIxLTEuNTItMS41MjF2MHoiIG9wYWNpdHk9IjEiIHZpc2liaWxpdHk9ImZhbHNlIiBmaWxsPSIjZDdkN2Q3Ij48L3BhdGg+Cgk8cGF0aCBkPSJNMTIuMjI4IDM1LjIyNHYtMy4zMjljMC0wLjE0NSAwLjA1OC0wLjI4NSAwLjE2LTAuMzg4bDUuNTg3LTUuNTg3YzAuMjE0LTAuMjE0IDAuNTYxLTAuMjE0IDAuNzc1IDBsMi4xMTkgMi4xMTljMC4yMTQgMC4yMTQgMC41NjEgMC4yMTQgMC43NzUgMGw4LjE5MS04LjE5MmMwLjIxNC0wLjIxNCAwLjU2MS0wLjIxNCAwLjc3NSAwbDUgNWMwLjEwMyAwLjEwMyAwLjE2IDAuMjQyIDAuMTYgMC4zODh2OS45ODhjMCAwLjMwMy0wLjI0NSAwLjU0OC0wLjU0OCAwLjU0OGgtMjIuNDQ3Yy0wLjMwMyAwLTAuNTQ4LTAuMjQ1LTAuNTQ4LTAuNTQ4eiIgb3BhY2l0eT0iMSIgdmlzaWJpbGl0eT0iZmFsc2UiIGZpbGw9IiNkN2Q3ZDciPjwvcGF0aD4KCTxwYXRoIGQ9Ik0yMS41NDQgMTcuOTY3YzAgMS45ODItMS42MDYgMy41ODgtMy41ODggMy41ODhzLTMuNTg4LTEuNjA2LTMuNTg4LTMuNTg4YzAtMS45ODEgMS42MDYtMy41ODggMy41ODgtMy41ODhzMy41ODggMS42MDYgMy41ODggMy41ODh6IiBvcGFjaXR5PSIxIiB2aXNpYmlsaXR5PSJmYWxzZSIgZmlsbD0iI2Q3ZDdkNyI+PC9wYXRoPgo8L3N2Zz4K" alt="Driscoll's Sweetest Batch Blueberries Limited Edition" skeleton-box-size="9rem" class="product-grid-image object-contain"></div></div> <div class="mobile-product-list-cell_info"><div class="product-tile_detail"><div class="skeleton-loader_wrapper cursor-pointer"><div class="product-grid-cell_price-container product-grid-cell_price-container--mobile"><span class="product-grid-cell_main-price"><!---->
    $7.99
  </span> <!----></div> <!----></div> <!----></div> <div class="mobile-product-list-cell_name-content"><div class="skeleton-loader_wrapper"><div class="product-grid-cell_name"><a id="product-name-270787-16760862670634679" href="#" data-opens-modal="true" aria-haspopup="dialog" class="product-grid-cell_name-text product-grid-cell_name-text--clamp-2"><!---->
    Driscoll's Sweetest Batch Blueberries Limited Edition
  </a></div> <!----> <!----></div> <div class="skeleton-loader_wrapper"><div class="product-grid-cell_sizes"><span class="product-grid-cell_size">
    11 OZ PKG
  </span> <span aria-hidden="true">
    |
  </span> <!----> <span class="product-grid-cell_unit">
    $0.73 / OZ
  </span></div> <!----></div> <!----> <!----> <!----> <!----> <!----> <!----> <!----></div> <div class="mobile-product-list-cell_bottom"><div class="mobile-product-list-cell_bottom_cart-ui-wrapper"><!----> <!----> <div class="pdl-add-to-cart"><div class="pdl-add-to-cart_button"><button aria-label="Add to cart" data-product-id="270787" data-price="7.99" class="button button--add-to-cart">
      Add to cart
      <!----></button> <!----> <!----> <!----></div> <!----></div></div> <!----></div></div></div> <div class="product-tile_action-items"><!----> <!----> <div class="shopping-list-menu_container"><div class="relative-el"><button aria-label="add to shopping list" class="button pdl-product-detail_top-icon button--fourth pdl-product-detail_top-icon--borderless"><!----> <div class="vector-icon-size--large"><svg xmlns="http://www.w3.org/2000/svg" aria-label="Shopping List Icon Add" viewBox="0 0 32 32" role="presentation" aria-hidden="true" focusable="false" class="vector-icon-color--dark-grey"><title lang="en">Shopping List Icon Add</title><desc></desc><g fill="" stroke=""><g><path d="M21.94066,15.3368884 L21.94066,12.8931995 C21.94066,12.3409148 22.3883752,11.8931995 22.94066,11.8931995 C23.4929447,11.8931995 23.94066,12.3409148 23.94066,12.8931995 L23.94066,15.3368884 L26.2522624,15.3368884 C26.8045471,15.3368884 27.2522624,15.7846037 27.2522624,16.3368884 C27.2522624,16.8891732 26.8045471,17.3368884 26.2522624,17.3368884 L23.94066,17.3368884 L23.94066,19.8787952 C23.94066,20.43108 23.4929447,20.8787952 22.94066,20.8787952 C22.3883752,20.8787952 21.94066,20.43108 21.94066,19.8787952 L21.94066,17.3368884 L19.2666667,17.3368884 C18.7143819,17.3368884 18.2666667,16.8891732 18.2666667,16.3368884 C18.2666667,15.7846037 18.7143819,15.3368884 19.2666667,15.3368884 L21.94066,15.3368884 Z M8,12 C7.44771525,12 7,11.5522847 7,11 C7,10.4477153 7.44771525,10 8,10 L19.1153581,10 C19.6676429,10 20.1153581,10.4477153 20.1153581,11 C20.1153581,11.5522847 19.6676429,12 19.1153581,12 L8,12 Z M8,17.3368884 C7.44771525,17.3368884 7,16.8891732 7,16.3368884 C7,15.7846037 7.44771525,15.3368884 8,15.3368884 L14.7200696,15.3368884 C15.2723543,15.3368884 15.7200696,15.7846037 15.7200696,16.3368884 C15.7200696,16.8891732 15.2723543,17.3368884 14.7200696,17.3368884 L8,17.3368884 Z M8,23 C7.44771525,23 7,22.5522847 7,22 C7,21.4477153 7.44771525,21 8,21 L19.1153581,21 C19.6676429,21 20.1153581,21.4477153 20.1153581,22 C20.1153581,22.5522847 19.6676429,23 19.1153581,23 L8,23 Z" fill="#000000" fill-rule="nonzero"></path></g></g></svg></div> <div class="pdl-product-detail_list-tooltip"><p>Add item to shopping list</p> <em></em></div></button></div></div></div> <!----></li> <!----><!----> <!----> <!----> <!----> <li tabindex="-1" data-product-id="210920" class="slot mobile-product-list-cell"><!----> <!----> <!----> <!----> <div class="mobile-product-list-cell_content"><div><!----> <div class="flag_outer-container"><!----> <!----> <!----> <!----></div></div> <div class="mobile-product-list-cell_left"><div><!----> <img src="data:image/svg+xml;base64,PD94bWwgdmVyc2lvbj0iMS4wIiBlbmNvZGluZz0idXRmLTgiPz4KPCEtLSBHZW5lcmF0ZWQgYnkgSWNvTW9vbi5pbyAtLT4KPCFET0NUWVBFIHN2ZyBQVUJMSUMgIi0vL1czQy8vRFREIFNWRyAxLjEvL0VOIiAiaHR0cDovL3d3dy53My5vcmcvR3JhcGhpY3MvU1ZHLzEuMS9EVEQvc3ZnMTEuZHRkIj4KPHN2ZyB2ZXJzaW9uPSIxLjEiIHhtbG5zPSJodHRwOi8vd3d3LnczLm9yZy8yMDAwL3N2ZyIgeG1sbnM6eGxpbms9Imh0dHA6Ly93d3cudzMub3JnLzE5OTkveGxpbmsiIHdpZHRoPSI0OCIgaGVpZ2h0PSI0OCIgdmlld0JveD0iMCAwIDQ4IDQ4Ij4KPGcgaWQ9Imljb21vb24taWdub3JlIj4KCTxsaW5lIHN0cm9rZS13aWR0aD0iMSIgeDE9IiIgeTE9IiIgeDI9IiIgeTI9IiIgc3Ryb2tlPSIjNDQ5RkRCIiBvcGFjaXR5PSIiPjwvbGluZT4KPC9nPgoJPHBhdGggZD0iTTM4LjQ4IDkuMDcwYzAuMjQ4IDAgMC40NSAwLjIwMiAwLjQ1IDAuNDV2MjguOTU5YzAgMC4yNDgtMC4yMDIgMC40NS0wLjQ1IDAuNDVoLTI4Ljk1OWMtMC4yNDggMC0wLjQ1LTAuMjAyLTAuNDUtMC40NXYtMjguOTU5YzAtMC4yNDggMC4yMDItMC40NSAwLjQ1LTAuNDVoMjguOTU5ek0zOC40OCA4aC0yOC45NTljLTAuODQgMC0xLjUyIDAuNjgxLTEuNTIgMS41MjF2MjguOTU5YzAgMC44NCAwLjY4MSAxLjUyMSAxLjUyIDEuNTIxaDI4Ljk1OWMwLjg0IDAgMS41Mi0wLjY4MSAxLjUyLTEuNTIxdi0yOC45NTljMC0wLjg0LTAuNjgxLTEuNTIxLTEuNTItMS41MjF2MHoiIG9wYWNpdHk9IjEiIHZpc2liaWxpdHk9ImZhbHNlIiBmaWxsPSIjZDdkN2Q3Ij48L3BhdGg+Cgk8cGF0aCBkPSJNMTIuMjI4IDM1LjIyNHYtMy4zMjljMC0wLjE0NSAwLjA1OC0wLjI4NSAwLjE2LTAuMzg4bDUuNTg3LTUuNTg3YzAuMjE0LTAuMjE0IDAuNTYxLTAuMjE0IDAuNzc1IDBsMi4xMTkgMi4xMTljMC4yMTQgMC4yMTQgMC41NjEgMC4yMTQgMC43NzUgMGw4LjE5MS04LjE5MmMwLjIxNC0wLjIxNCAwLjU2MS0wLjIxNCAwLjc3NSAwbDUgNWMwLjEwMyAwLjEwMyAwLjE2IDAuMjQyIDAuMTYgMC4zODh2OS45ODhjMCAwLjMwMy0wLjI0NSAwLjU0OC0wLjU0OCAwLjU0OGgtMjIuNDQ3Yy0wLjMwMyAwLTAuNTQ4LTAuMjQ1LTAuNTQ4LTAuNTQ4eiIgb3BhY2l0eT0iMSIgdmlzaWJpbGl0eT0iZmFsc2UiIGZpbGw9IiNkN2Q3ZDciPjwvcGF0aD4KCTxwYXRoIGQ9Ik0yMS41NDQgMTcuOTY3YzAgMS45ODItMS42MDYgMy41ODgtMy41ODggMy41ODhzLTMuNTg4LTEuNjA2LTMuNTg4LTMuNTg4YzAtMS45ODEgMS42MDYtMy41ODggMy41ODgtMy41ODhzMy41ODggMS42MDYgMy41ODggMy41ODh6IiBvcGFjaXR5PSIxIiB2aXNpYmlsaXR5PSJmYWxzZSIgZmlsbD0iI2Q3ZDdkNyI+PC9wYXRoPgo8L3N2Zz4K" alt="Nature's Promise Organic Salad Baby Spinach &amp; Spring Mix" skeleton-box-size="9rem" class="product-grid-image object-contain"></div></div> <div class="mobile-product-list-cell_info"><div class="product-tile_detail"><div class="skeleton-loader_wrapper cursor-pointer"><div class="product-grid-cell_price-container product-grid-cell_price-container--mobile"><span class="product-grid-cell_main-price"><!---->
    $5.99
  </span> <!----></div> <!----></div> <!----></div> <div class="mobile-product-list-cell_name-content"><div class="skeleton-loader_wrapper"><div class="product-grid-cell_name"><a id="product-name-210920-16760862670658971" href="#" data-opens-modal="true" aria-haspopup="dialog" class="product-grid-cell_name-text product-grid-cell_name-text--clamp-2"><span class="vector-icon_inline-text--left mr-0"><div class="vector-icon-size--xsmall"><svg xmlns="http://www.w3.org/2000/svg" aria-label="Ahold Icon" viewBox="0 0 1024 945" role="presentation" aria-hidden="true" focusable="false" class=""><title lang="en">Ahold Icon</title><desc></desc><g fill="" stroke=""><g><path d="M1.893 730.617c-1.289-2.094-2.052-4.631-2.052-7.346 0-.747.058-1.481.169-2.197.158-12.396 10.227-22.466 22.687-22.634h895.306c12.476.168 22.545 10.237 22.713 22.698-.521 3.721-1.182 6.924-2.024 10.053l.131-.574c-86.363 175.072-263.598 293.385-468.466 293.385S88.254 905.689 3.252 733.663l-1.361-3.046z" fill="#F7A800" class="path1"></path> <path d="M107.889 132.495c1.893-1.893 1.893-3.786 3.786-5.678 2.98-3.491 7.385-5.69 12.303-5.69s9.323 2.199 12.284 5.668l.019.022L613.264 603.8c3.491 2.98 5.69 7.385 5.69 12.303s-2.199 9.323-5.668 12.284c-1.399 1.869-3.361 3.216-5.631 3.789l-.069.015c-38.446 13.732-82.796 21.669-129.001 21.669-108.416 0-206.626-43.699-277.977-114.443C130.241 467.591 86.799 369.1 86.799 260.462c0-45.803 7.722-89.803 21.936-130.767l-.845 2.8z" fill="#E2231A" class="path2"></path> <path d="M600.015 1.893a6.922 6.922 0 0 1 5.713-1.889c.057-.006.164-.007.272-.007 7.15 0 12.947 5.796 12.947 12.947 0 .108-.001.215-.004.322v-.016 503.482c.002.091.004.199.004.306 0 7.15-5.796 12.947-12.947 12.947-.108 0-.215-.001-.322-.004a6.925 6.925 0 0 1-5.665-1.895l.002.002c-98.273-48.542-164.673-148.065-164.673-263.098S501.743 50.434 598.306 2.657l1.709-.765z" fill="#712177" class="path3"></path> <path d="M938.824 283.919c1.893 0 1.893 1.893 3.786 1.893 1.765 2.012 2.841 4.666 2.841 7.571s-1.077 5.559-2.853 7.584l.011-.013-268.776 266.884c-2.012 1.765-4.666 2.841-7.571 2.841s-5.559-1.077-7.584-2.853a3.774 3.774 0 0 1-1.877-3.793l-.002.019c-7.681-21.529-12.12-46.363-12.12-72.235 0-61.263 24.891-116.712 65.111-156.786 39.326-39.792 93.895-64.431 154.219-64.431 26.857 0 52.573 4.884 76.309 13.812l-1.494-.493z" fill="#82BC00" class="path4"></path></g></g></svg></div></span>
    Nature's Promise Organic Salad Baby Spinach &amp; Spring Mix
  </a></div> <!----> <!----></div> <div class="skeleton-loader_wrapper"><div class="product-grid-cell_sizes"><span class="product-grid-cell_size">
    11 OZ PKG
  </span> <span aria-hidden="true">
    |
  </span> <!----> <span class="product-grid-cell_unit">
    $0.54 / OZ
  </span></div> <!----></div> <!----> <!----> <!----> <!----> <!----> <!----> <!----></div> <div class="mobile-product-list-cell_bottom"><div class="mobile-product-list-cell_bottom_cart-ui-wrapper"><!----> <!----> <div class="pdl-add-to-cart"><div class="pdl-add-to-cart_button"><button aria-label="Add to cart" data-product-id="210920" data-price="5.99" class="button button--add-to-cart">
      Add to cart
      <!----></button> <!----> <!----> <!----></div> <!----></div></div> <!----></div></div></div> <div class="product-tile_action-items"><!----> <!----> <div class="shopping-list-menu_container"><div class="relative-el"><button aria-label="add to shopping list" class="button pdl-product-detail_top-icon button--fourth pdl-product-detail_top-icon--borderless"><!----> <div class="vector-icon-size--large"><svg xmlns="http://www.w3.org/2000/svg" aria-label="Shopping List Icon Add" viewBox="0 0 32 32" role="presentation" aria-hidden="true" focusable="false" class="vector-icon-color--dark-grey"><title lang="en">Shopping List Icon Add</title><desc></desc><g fill="" stroke=""><g><path d="M21.94066,15.3368884 L21.94066,12.8931995 C21.94066,12.3409148 22.3883752,11.8931995 22.94066,11.8931995 C23.4929447,11.8931995 23.94066,12.3409148 23.94066,12.8931995 L23.94066,15.3368884 L26.2522624,15.3368884 C26.8045471,15.3368884 27.2522624,15.7846037 27.2522624,16.3368884 C27.2522624,16.8891732 26.8045471,17.3368884 26.2522624,17.3368884 L23.94066,17.3368884 L23.94066,19.8787952 C23.94066,20.43108 23.4929447,20.8787952 22.94066,20.8787952 C22.3883752,20.8787952 21.94066,20.43108 21.94066,19.8787952 L21.94066,17.3368884 L19.2666667,17.3368884 C18.7143819,17.3368884 18.2666667,16.8891732 18.2666667,16.3368884 C18.2666667,15.7846037 18.7143819,15.3368884 19.2666667,15.3368884 L21.94066,15.3368884 Z M8,12 C7.44771525,12 7,11.5522847 7,11 C7,10.4477153 7.44771525,10 8,10 L19.1153581,10 C19.6676429,10 20.1153581,10.4477153 20.1153581,11 C20.1153581,11.5522847 19.6676429,12 19.1153581,12 L8,12 Z M8,17.3368884 C7.44771525,17.3368884 7,16.8891732 7,16.3368884 C7,15.7846037 7.44771525,15.3368884 8,15.3368884 L14.7200696,15.3368884 C15.2723543,15.3368884 15.7200696,15.7846037 15.7200696,16.3368884 C15.7200696,16.8891732 15.2723543,17.3368884 14.7200696,17.3368884 L8,17.3368884 Z M8,23 C7.44771525,23 7,22.5522847 7,22 C7,21.4477153 7.44771525,21 8,21 L19.1153581,21 C19.6676429,21 20.1153581,21.4477153 20.1153581,22 C20.1153581,22.5522847 19.6676429,23 19.1153581,23 L8,23 Z" fill="#000000" fill-rule="nonzero"></path></g></g></svg></div> <div class="pdl-product-detail_list-tooltip"><p>Add item to shopping list</p> <em></em></div></button></div></div></div> <!----></li> <!----><!----> <!----> <!----> <!----> <li tabindex="-1" data-product-id="174692" class="slot mobile-product-list-cell"><!----> <!----> <!----> <!----> <div class="mobile-product-list-cell_content"><div><!----> <div class="flag_outer-container"><!----> <!----> <!----> <!----></div></div> <div class="mobile-product-list-cell_left"><div><!----> <img src="data:image/svg+xml;base64,PD94bWwgdmVyc2lvbj0iMS4wIiBlbmNvZGluZz0idXRmLTgiPz4KPCEtLSBHZW5lcmF0ZWQgYnkgSWNvTW9vbi5pbyAtLT4KPCFET0NUWVBFIHN2ZyBQVUJMSUMgIi0vL1czQy8vRFREIFNWRyAxLjEvL0VOIiAiaHR0cDovL3d3dy53My5vcmcvR3JhcGhpY3MvU1ZHLzEuMS9EVEQvc3ZnMTEuZHRkIj4KPHN2ZyB2ZXJzaW9uPSIxLjEiIHhtbG5zPSJodHRwOi8vd3d3LnczLm9yZy8yMDAwL3N2ZyIgeG1sbnM6eGxpbms9Imh0dHA6Ly93d3cudzMub3JnLzE5OTkveGxpbmsiIHdpZHRoPSI0OCIgaGVpZ2h0PSI0OCIgdmlld0JveD0iMCAwIDQ4IDQ4Ij4KPGcgaWQ9Imljb21vb24taWdub3JlIj4KCTxsaW5lIHN0cm9rZS13aWR0aD0iMSIgeDE9IiIgeTE9IiIgeDI9IiIgeTI9IiIgc3Ryb2tlPSIjNDQ5RkRCIiBvcGFjaXR5PSIiPjwvbGluZT4KPC9nPgoJPHBhdGggZD0iTTM4LjQ4IDkuMDcwYzAuMjQ4IDAgMC40NSAwLjIwMiAwLjQ1IDAuNDV2MjguOTU5YzAgMC4yNDgtMC4yMDIgMC40NS0wLjQ1IDAuNDVoLTI4Ljk1OWMtMC4yNDggMC0wLjQ1LTAuMjAyLTAuNDUtMC40NXYtMjguOTU5YzAtMC4yNDggMC4yMDItMC40NSAwLjQ1LTAuNDVoMjguOTU5ek0zOC40OCA4aC0yOC45NTljLTAuODQgMC0xLjUyIDAuNjgxLTEuNTIgMS41MjF2MjguOTU5YzAgMC44NCAwLjY4MSAxLjUyMSAxLjUyIDEuNTIxaDI4Ljk1OWMwLjg0IDAgMS41Mi0wLjY4MSAxLjUyLTEuNTIxdi0yOC45NTljMC0wLjg0LTAuNjgxLTEuNTIxLTEuNTItMS41MjF2MHoiIG9wYWNpdHk9IjEiIHZpc2liaWxpdHk9ImZhbHNlIiBmaWxsPSIjZDdkN2Q3Ij48L3BhdGg+Cgk8cGF0aCBkPSJNMTIuMjI4IDM1LjIyNHYtMy4zMjljMC0wLjE0NSAwLjA1OC0wLjI4NSAwLjE2LTAuMzg4bDUuNTg3LTUuNTg3YzAuMjE0LTAuMjE0IDAuNTYxLTAuMjE0IDAuNzc1IDBsMi4xMTkgMi4xMTljMC4yMTQgMC4yMTQgMC41NjEgMC4yMTQgMC43NzUgMGw4LjE5MS04LjE5MmMwLjIxNC0wLjIxNCAwLjU2MS0wLjIxNCAwLjc3NSAwbDUgNWMwLjEwMyAwLjEwMyAwLjE2IDAuMjQyIDAuMTYgMC4zODh2OS45ODhjMCAwLjMwMy0wLjI0NSAwLjU0OC0wLjU0OCAwLjU0OGgtMjIuNDQ3Yy0wLjMwMyAwLTAuNTQ4LTAuMjQ1LTAuNTQ4LTAuNTQ4eiIgb3BhY2l0eT0iMSIgdmlzaWJpbGl0eT0iZmFsc2UiIGZpbGw9IiNkN2Q3ZDciPjwvcGF0aD4KCTxwYXRoIGQ9Ik0yMS41NDQgMTcuOTY3YzAgMS45ODItMS42MDYgMy41ODgtMy41ODggMy41ODhzLTMuNTg4LTEuNjA2LTMuNTg4LTMuNTg4YzAtMS45ODEgMS42MDYtMy41ODggMy41ODgtMy41ODhzMy41ODggMS42MDYgMy41ODggMy41ODh6IiBvcGFjaXR5PSIxIiB2aXNpYmlsaXR5PSJmYWxzZSIgZmlsbD0iI2Q3ZDdkNyI+PC9wYXRoPgo8L3N2Zz4K" alt="Stop &amp; Shop Petite Diced Tomatoes" skeleton-box-size="9rem" class="product-grid-image object-contain"></div></div> <div class="mobile-product-list-cell_info"><div class="product-tile_detail"><div class="skeleton-loader_wrapper cursor-pointer"><div class="product-grid-cell_price-container product-grid-cell_price-container--mobile"><span class="product-grid-cell_main-price"><!---->
    $0.95
  </span> <!----></div> <!----></div> <!----></div> <div class="mobile-product-list-cell_name-content"><div class="skeleton-loader_wrapper"><div class="product-grid-cell_name"><a id="product-name-174692-16760862670682133" href="#" data-opens-modal="true" aria-haspopup="dialog" class="product-grid-cell_name-text product-grid-cell_name-text--clamp-2"><span class="vector-icon_inline-text--left mr-0"><div class="vector-icon-size--xsmall"><svg xmlns="http://www.w3.org/2000/svg" aria-label="Ahold Icon" viewBox="0 0 1024 945" role="presentation" aria-hidden="true" focusable="false" class=""><title lang="en">Ahold Icon</title><desc></desc><g fill="" stroke=""><g><path d="M1.893 730.617c-1.289-2.094-2.052-4.631-2.052-7.346 0-.747.058-1.481.169-2.197.158-12.396 10.227-22.466 22.687-22.634h895.306c12.476.168 22.545 10.237 22.713 22.698-.521 3.721-1.182 6.924-2.024 10.053l.131-.574c-86.363 175.072-263.598 293.385-468.466 293.385S88.254 905.689 3.252 733.663l-1.361-3.046z" fill="#F7A800" class="path1"></path> <path d="M107.889 132.495c1.893-1.893 1.893-3.786 3.786-5.678 2.98-3.491 7.385-5.69 12.303-5.69s9.323 2.199 12.284 5.668l.019.022L613.264 603.8c3.491 2.98 5.69 7.385 5.69 12.303s-2.199 9.323-5.668 12.284c-1.399 1.869-3.361 3.216-5.631 3.789l-.069.015c-38.446 13.732-82.796 21.669-129.001 21.669-108.416 0-206.626-43.699-277.977-114.443C130.241 467.591 86.799 369.1 86.799 260.462c0-45.803 7.722-89.803 21.936-130.767l-.845 2.8z" fill="#E2231A" class="path2"></path> <path d="M600.015 1.893a6.922 6.922 0 0 1 5.713-1.889c.057-.006.164-.007.272-.007 7.15 0 12.947 5.796 12.947 12.947 0 .108-.001.215-.004.322v-.016 503.482c.002.091.004.199.004.306 0 7.15-5.796 12.947-12.947 12.947-.108 0-.215-.001-.322-.004a6.925 6.925 0 0 1-5.665-1.895l.002.002c-98.273-48.542-164.673-148.065-164.673-263.098S501.743 50.434 598.306 2.657l1.709-.765z" fill="#712177" class="path3"></path> <path d="M938.824 283.919c1.893 0 1.893 1.893 3.786 1.893 1.765 2.012 2.841 4.666 2.841 7.571s-1.077 5.559-2.853 7.584l.011-.013-268.776 266.884c-2.012 1.765-4.666 2.841-7.571 2.841s-5.559-1.077-7.584-2.853a3.774 3.774 0 0 1-1.877-3.793l-.002.019c-7.681-21.529-12.12-46.363-12.12-72.235 0-61.263 24.891-116.712 65.111-156.786 39.326-39.792 93.895-64.431 154.219-64.431 26.857 0 52.573 4.884 76.309 13.812l-1.494-.493z" fill="#82BC00" class="path4"></path></g></g></svg></div></span>
    Stop &amp; Shop Petite Diced Tomatoes
  </a></div> <!----> <!----></div> <div class="skeleton-loader_wrapper"><div class="product-grid-cell_sizes"><span class="product-grid-cell_size">
    14.5 OZ CAN
  </span> <span aria-hidden="true">
    |
  </span> <!----> <span class="product-grid-cell_unit">
    $0.07 / OZ
  </span></div> <!----></div> <!----> <!----> <!----> <!----> <!----> <!----> <!----></div> <div class="mobile-product-list-cell_bottom"><div class="mobile-product-list-cell_bottom_cart-ui-wrapper"><!----> <!----> <div class="pdl-add-to-cart"><div class="pdl-add-to-cart_button"><button aria-label="Add to cart" data-product-id="174692" data-price="0.95" class="button button--add-to-cart">
      Add to cart
      <!----></button> <!----> <!----> <!----></div> <!----></div></div> <!----></div></div></div> <div class="product-tile_action-items"><!----> <!----> <div class="shopping-list-menu_container"><div class="relative-el"><button aria-label="add to shopping list" class="button pdl-product-detail_top-icon button--fourth pdl-product-detail_top-icon--borderless"><!----> <div class="vector-icon-size--large"><svg xmlns="http://www.w3.org/2000/svg" aria-label="Shopping List Icon Add" viewBox="0 0 32 32" role="presentation" aria-hidden="true" focusable="false" class="vector-icon-color--dark-grey"><title lang="en">Shopping List Icon Add</title><desc></desc><g fill="" stroke=""><g><path d="M21.94066,15.3368884 L21.94066,12.8931995 C21.94066,12.3409148 22.3883752,11.8931995 22.94066,11.8931995 C23.4929447,11.8931995 23.94066,12.3409148 23.94066,12.8931995 L23.94066,15.3368884 L26.2522624,15.3368884 C26.8045471,15.3368884 27.2522624,15.7846037 27.2522624,16.3368884 C27.2522624,16.8891732 26.8045471,17.3368884 26.2522624,17.3368884 L23.94066,17.3368884 L23.94066,19.8787952 C23.94066,20.43108 23.4929447,20.8787952 22.94066,20.8787952 C22.3883752,20.8787952 21.94066,20.43108 21.94066,19.8787952 L21.94066,17.3368884 L19.2666667,17.3368884 C18.7143819,17.3368884 18.2666667,16.8891732 18.2666667,16.3368884 C18.2666667,15.7846037 18.7143819,15.3368884 19.2666667,15.3368884 L21.94066,15.3368884 Z M8,12 C7.44771525,12 7,11.5522847 7,11 C7,10.4477153 7.44771525,10 8,10 L19.1153581,10 C19.6676429,10 20.1153581,10.4477153 20.1153581,11 C20.1153581,11.5522847 19.6676429,12 19.1153581,12 L8,12 Z M8,17.3368884 C7.44771525,17.3368884 7,16.8891732 7,16.3368884 C7,15.7846037 7.44771525,15.3368884 8,15.3368884 L14.7200696,15.3368884 C15.2723543,15.3368884 15.7200696,15.7846037 15.7200696,16.3368884 C15.7200696,16.8891732 15.2723543,17.3368884 14.7200696,17.3368884 L8,17.3368884 Z M8,23 C7.44771525,23 7,22.5522847 7,22 C7,21.4477153 7.44771525,21 8,21 L19.1153581,21 C19.6676429,21 20.1153581,21.4477153 20.1153581,22 C20.1153581,22.5522847 19.6676429,23 19.1153581,23 L8,23 Z" fill="#000000" fill-rule="nonzero"></path></g></g></svg></div> <div class="pdl-product-detail_list-tooltip"><p>Add item to shopping list</p> <em></em></div></button></div></div></div> <!----></li> <!----><!----> <!----> <!----> <!----> <li tabindex="-1" data-product-id="238635" class="slot mobile-product-list-cell"><!----> <!----> <!----> <!----> <div class="mobile-product-list-cell_content"><div><!----> <div class="flag_outer-container"><!----> <!----> <!----> <!----></div></div> <div class="mobile-product-list-cell_left"><div><!----> <img src="data:image/svg+xml;base64,PD94bWwgdmVyc2lvbj0iMS4wIiBlbmNvZGluZz0idXRmLTgiPz4KPCEtLSBHZW5lcmF0ZWQgYnkgSWNvTW9vbi5pbyAtLT4KPCFET0NUWVBFIHN2ZyBQVUJMSUMgIi0vL1czQy8vRFREIFNWRyAxLjEvL0VOIiAiaHR0cDovL3d3dy53My5vcmcvR3JhcGhpY3MvU1ZHLzEuMS9EVEQvc3ZnMTEuZHRkIj4KPHN2ZyB2ZXJzaW9uPSIxLjEiIHhtbG5zPSJodHRwOi8vd3d3LnczLm9yZy8yMDAwL3N2ZyIgeG1sbnM6eGxpbms9Imh0dHA6Ly93d3cudzMub3JnLzE5OTkveGxpbmsiIHdpZHRoPSI0OCIgaGVpZ2h0PSI0OCIgdmlld0JveD0iMCAwIDQ4IDQ4Ij4KPGcgaWQ9Imljb21vb24taWdub3JlIj4KCTxsaW5lIHN0cm9rZS13aWR0aD0iMSIgeDE9IiIgeTE9IiIgeDI9IiIgeTI9IiIgc3Ryb2tlPSIjNDQ5RkRCIiBvcGFjaXR5PSIiPjwvbGluZT4KPC9nPgoJPHBhdGggZD0iTTM4LjQ4IDkuMDcwYzAuMjQ4IDAgMC40NSAwLjIwMiAwLjQ1IDAuNDV2MjguOTU5YzAgMC4yNDgtMC4yMDIgMC40NS0wLjQ1IDAuNDVoLTI4Ljk1OWMtMC4yNDggMC0wLjQ1LTAuMjAyLTAuNDUtMC40NXYtMjguOTU5YzAtMC4yNDggMC4yMDItMC40NSAwLjQ1LTAuNDVoMjguOTU5ek0zOC40OCA4aC0yOC45NTljLTAuODQgMC0xLjUyIDAuNjgxLTEuNTIgMS41MjF2MjguOTU5YzAgMC44NCAwLjY4MSAxLjUyMSAxLjUyIDEuNTIxaDI4Ljk1OWMwLjg0IDAgMS41Mi0wLjY4MSAxLjUyLTEuNTIxdi0yOC45NTljMC0wLjg0LTAuNjgxLTEuNTIxLTEuNTItMS41MjF2MHoiIG9wYWNpdHk9IjEiIHZpc2liaWxpdHk9ImZhbHNlIiBmaWxsPSIjZDdkN2Q3Ij48L3BhdGg+Cgk8cGF0aCBkPSJNMTIuMjI4IDM1LjIyNHYtMy4zMjljMC0wLjE0NSAwLjA1OC0wLjI4NSAwLjE2LTAuMzg4bDUuNTg3LTUuNTg3YzAuMjE0LTAuMjE0IDAuNTYxLTAuMjE0IDAuNzc1IDBsMi4xMTkgMi4xMTljMC4yMTQgMC4yMTQgMC41NjEgMC4yMTQgMC43NzUgMGw4LjE5MS04LjE5MmMwLjIxNC0wLjIxNCAwLjU2MS0wLjIxNCAwLjc3NSAwbDUgNWMwLjEwMyAwLjEwMyAwLjE2IDAuMjQyIDAuMTYgMC4zODh2OS45ODhjMCAwLjMwMy0wLjI0NSAwLjU0OC0wLjU0OCAwLjU0OGgtMjIuNDQ3Yy0wLjMwMyAwLTAuNTQ4LTAuMjQ1LTAuNTQ4LTAuNTQ4eiIgb3BhY2l0eT0iMSIgdmlzaWJpbGl0eT0iZmFsc2UiIGZpbGw9IiNkN2Q3ZDciPjwvcGF0aD4KCTxwYXRoIGQ9Ik0yMS41NDQgMTcuOTY3YzAgMS45ODItMS42MDYgMy41ODgtMy41ODggMy41ODhzLTMuNTg4LTEuNjA2LTMuNTg4LTMuNTg4YzAtMS45ODEgMS42MDYtMy41ODggMy41ODgtMy41ODhzMy41ODggMS42MDYgMy41ODggMy41ODh6IiBvcGFjaXR5PSIxIiB2aXNpYmlsaXR5PSJmYWxzZSIgZmlsbD0iI2Q3ZDdkNyI+PC9wYXRoPgo8L3N2Zz4K" alt="Sunset Mini Sweet Peppers" skeleton-box-size="9rem" class="product-grid-image object-contain"></div></div> <div class="mobile-product-list-cell_info"><div class="product-tile_detail"><div class="skeleton-loader_wrapper cursor-pointer"><div class="product-grid-cell_price-container product-grid-cell_price-container--mobile"><span class="product-grid-cell_main-price"><!---->
    $3.99
  </span> <!----></div> <!----></div> <!----></div> <div class="mobile-product-list-cell_name-content"><div class="skeleton-loader_wrapper"><div class="product-grid-cell_name"><a id="product-name-238635-16760862670709494" href="#" data-opens-modal="true" aria-haspopup="dialog" class="product-grid-cell_name-text product-grid-cell_name-text--clamp-2"><!---->
    Sunset Mini Sweet Peppers
  </a></div> <!----> <!----></div> <div class="skeleton-loader_wrapper"><div class="product-grid-cell_sizes"><span class="product-grid-cell_size">
    16 OZ BAG
  </span> <span aria-hidden="true">
    |
  </span> <!----> <span class="product-grid-cell_unit">
    $0.25 / OZ
  </span></div> <!----></div> <!----> <!----> <!----> <!----> <!----> <!----> <!----></div> <div class="mobile-product-list-cell_bottom"><div class="mobile-product-list-cell_bottom_cart-ui-wrapper"><!----> <!----> <div class="pdl-add-to-cart"><div class="pdl-add-to-cart_button"><button aria-label="Add to cart" data-product-id="238635" data-price="3.99" class="button button--add-to-cart">
      Add to cart
      <!----></button> <!----> <!----> <!----></div> <!----></div></div> <!----></div></div></div> <div class="product-tile_action-items"><!----> <!----> <div class="shopping-list-menu_container"><div class="relative-el"><button aria-label="add to shopping list" class="button pdl-product-detail_top-icon button--fourth pdl-product-detail_top-icon--borderless"><!----> <div class="vector-icon-size--large"><svg xmlns="http://www.w3.org/2000/svg" aria-label="Shopping List Icon Add" viewBox="0 0 32 32" role="presentation" aria-hidden="true" focusable="false" class="vector-icon-color--dark-grey"><title lang="en">Shopping List Icon Add</title><desc></desc><g fill="" stroke=""><g><path d="M21.94066,15.3368884 L21.94066,12.8931995 C21.94066,12.3409148 22.3883752,11.8931995 22.94066,11.8931995 C23.4929447,11.8931995 23.94066,12.3409148 23.94066,12.8931995 L23.94066,15.3368884 L26.2522624,15.3368884 C26.8045471,15.3368884 27.2522624,15.7846037 27.2522624,16.3368884 C27.2522624,16.8891732 26.8045471,17.3368884 26.2522624,17.3368884 L23.94066,17.3368884 L23.94066,19.8787952 C23.94066,20.43108 23.4929447,20.8787952 22.94066,20.8787952 C22.3883752,20.8787952 21.94066,20.43108 21.94066,19.8787952 L21.94066,17.3368884 L19.2666667,17.3368884 C18.7143819,17.3368884 18.2666667,16.8891732 18.2666667,16.3368884 C18.2666667,15.7846037 18.7143819,15.3368884 19.2666667,15.3368884 L21.94066,15.3368884 Z M8,12 C7.44771525,12 7,11.5522847 7,11 C7,10.4477153 7.44771525,10 8,10 L19.1153581,10 C19.6676429,10 20.1153581,10.4477153 20.1153581,11 C20.1153581,11.5522847 19.6676429,12 19.1153581,12 L8,12 Z M8,17.3368884 C7.44771525,17.3368884 7,16.8891732 7,16.3368884 C7,15.7846037 7.44771525,15.3368884 8,15.3368884 L14.7200696,15.3368884 C15.2723543,15.3368884 15.7200696,15.7846037 15.7200696,16.3368884 C15.7200696,16.8891732 15.2723543,17.3368884 14.7200696,17.3368884 L8,17.3368884 Z M8,23 C7.44771525,23 7,22.5522847 7,22 C7,21.4477153 7.44771525,21 8,21 L19.1153581,21 C19.6676429,21 20.1153581,21.4477153 20.1153581,22 C20.1153581,22.5522847 19.6676429,23 19.1153581,23 L8,23 Z" fill="#000000" fill-rule="nonzero"></path></g></g></svg></div> <div class="pdl-product-detail_list-tooltip"><p>Add item to shopping list</p> <em></em></div></button></div></div></div> <!----></li> <!----><!----> <!----> <!----> <!----> <li tabindex="-1" data-product-id="100484" class="slot mobile-product-list-cell"><!----> <!----> <!----> <!----> <div class="mobile-product-list-cell_content"><div><!----> <div class="flag_outer-container"><!----> <!----> <!----> <!----></div></div> <div class="mobile-product-list-cell_left"><div><!----> <img src="data:image/svg+xml;base64,PD94bWwgdmVyc2lvbj0iMS4wIiBlbmNvZGluZz0idXRmLTgiPz4KPCEtLSBHZW5lcmF0ZWQgYnkgSWNvTW9vbi5pbyAtLT4KPCFET0NUWVBFIHN2ZyBQVUJMSUMgIi0vL1czQy8vRFREIFNWRyAxLjEvL0VOIiAiaHR0cDovL3d3dy53My5vcmcvR3JhcGhpY3MvU1ZHLzEuMS9EVEQvc3ZnMTEuZHRkIj4KPHN2ZyB2ZXJzaW9uPSIxLjEiIHhtbG5zPSJodHRwOi8vd3d3LnczLm9yZy8yMDAwL3N2ZyIgeG1sbnM6eGxpbms9Imh0dHA6Ly93d3cudzMub3JnLzE5OTkveGxpbmsiIHdpZHRoPSI0OCIgaGVpZ2h0PSI0OCIgdmlld0JveD0iMCAwIDQ4IDQ4Ij4KPGcgaWQ9Imljb21vb24taWdub3JlIj4KCTxsaW5lIHN0cm9rZS13aWR0aD0iMSIgeDE9IiIgeTE9IiIgeDI9IiIgeTI9IiIgc3Ryb2tlPSIjNDQ5RkRCIiBvcGFjaXR5PSIiPjwvbGluZT4KPC9nPgoJPHBhdGggZD0iTTM4LjQ4IDkuMDcwYzAuMjQ4IDAgMC40NSAwLjIwMiAwLjQ1IDAuNDV2MjguOTU5YzAgMC4yNDgtMC4yMDIgMC40NS0wLjQ1IDAuNDVoLTI4Ljk1OWMtMC4yNDggMC0wLjQ1LTAuMjAyLTAuNDUtMC40NXYtMjguOTU5YzAtMC4yNDggMC4yMDItMC40NSAwLjQ1LTAuNDVoMjguOTU5ek0zOC40OCA4aC0yOC45NTljLTAuODQgMC0xLjUyIDAuNjgxLTEuNTIgMS41MjF2MjguOTU5YzAgMC44NCAwLjY4MSAxLjUyMSAxLjUyIDEuNTIxaDI4Ljk1OWMwLjg0IDAgMS41Mi0wLjY4MSAxLjUyLTEuNTIxdi0yOC45NTljMC0wLjg0LTAuNjgxLTEuNTIxLTEuNTItMS41MjF2MHoiIG9wYWNpdHk9IjEiIHZpc2liaWxpdHk9ImZhbHNlIiBmaWxsPSIjZDdkN2Q3Ij48L3BhdGg+Cgk8cGF0aCBkPSJNMTIuMjI4IDM1LjIyNHYtMy4zMjljMC0wLjE0NSAwLjA1OC0wLjI4NSAwLjE2LTAuMzg4bDUuNTg3LTUuNTg3YzAuMjE0LTAuMjE0IDAuNTYxLTAuMjE0IDAuNzc1IDBsMi4xMTkgMi4xMTljMC4yMTQgMC4yMTQgMC41NjEgMC4yMTQgMC43NzUgMGw4LjE5MS04LjE5MmMwLjIxNC0wLjIxNCAwLjU2MS0wLjIxNCAwLjc3NSAwbDUgNWMwLjEwMyAwLjEwMyAwLjE2IDAuMjQyIDAuMTYgMC4zODh2OS45ODhjMCAwLjMwMy0wLjI0NSAwLjU0OC0wLjU0OCAwLjU0OGgtMjIuNDQ3Yy0wLjMwMyAwLTAuNTQ4LTAuMjQ1LTAuNTQ4LTAuNTQ4eiIgb3BhY2l0eT0iMSIgdmlzaWJpbGl0eT0iZmFsc2UiIGZpbGw9IiNkN2Q3ZDciPjwvcGF0aD4KCTxwYXRoIGQ9Ik0yMS41NDQgMTcuOTY3YzAgMS45ODItMS42MDYgMy41ODgtMy41ODggMy41ODhzLTMuNTg4LTEuNjA2LTMuNTg4LTMuNTg4YzAtMS45ODEgMS42MDYtMy41ODggMy41ODgtMy41ODhzMy41ODggMS42MDYgMy41ODggMy41ODh6IiBvcGFjaXR5PSIxIiB2aXNpYmlsaXR5PSJmYWxzZSIgZmlsbD0iI2Q3ZDdkNyI+PC9wYXRoPgo8L3N2Zz4K" alt="Boar's Head Deli Ham Maple Glazed Honey Coat (Thin Sliced)" skeleton-box-size="9rem" class="product-grid-image object-contain"></div></div> <div class="mobile-product-list-cell_info"><div class="product-tile_detail"><div class="skeleton-loader_wrapper cursor-pointer"><div class="product-grid-cell_price-container product-grid-cell_price-container--mobile"><span class="product-grid-cell_main-price"><!---->
    $6.50
  </span> <!----></div> <!----></div> <!----></div> <div class="mobile-product-list-cell_name-content"><div class="skeleton-loader_wrapper"><div class="product-grid-cell_name"><a id="product-name-100484-16760862670721776" href="#" data-opens-modal="true" aria-haspopup="dialog" class="product-grid-cell_name-text product-grid-cell_name-text--clamp-2"><!---->
    Boar's Head Deli Ham Maple Glazed Honey Coat (Thin Sliced)
  </a></div> <!----> <!----></div> <div class="skeleton-loader_wrapper"><div class="product-grid-cell_sizes"><span class="product-grid-cell_size">
    APX 1/2 LB
  </span> <span aria-hidden="true">
    |
  </span> <!----> <span class="product-grid-cell_unit">
    $12.99 / LB
  </span></div> <!----></div> <!----> <!----> <!----> <!----> <!----> <!----> <!----></div> <div class="mobile-product-list-cell_bottom"><div class="mobile-product-list-cell_bottom_cart-ui-wrapper"><!----> <!----> <div class="pdl-add-to-cart"><div class="pdl-add-to-cart_button"><button aria-label="Add to cart" data-product-id="100484" data-price="6.5" class="button button--add-to-cart">
      Add to cart
      <!----></button> <!----> <!----> <!----></div> <!----></div></div> <!----></div></div></div> <div class="product-tile_action-items"><!----> <!----> <div class="shopping-list-menu_container"><div class="relative-el"><button aria-label="add to shopping list" class="button pdl-product-detail_top-icon button--fourth pdl-product-detail_top-icon--borderless"><!----> <div class="vector-icon-size--large"><svg xmlns="http://www.w3.org/2000/svg" aria-label="Shopping List Icon Add" viewBox="0 0 32 32" role="presentation" aria-hidden="true" focusable="false" class="vector-icon-color--dark-grey"><title lang="en">Shopping List Icon Add</title><desc></desc><g fill="" stroke=""><g><path d="M21.94066,15.3368884 L21.94066,12.8931995 C21.94066,12.3409148 22.3883752,11.8931995 22.94066,11.8931995 C23.4929447,11.8931995 23.94066,12.3409148 23.94066,12.8931995 L23.94066,15.3368884 L26.2522624,15.3368884 C26.8045471,15.3368884 27.2522624,15.7846037 27.2522624,16.3368884 C27.2522624,16.8891732 26.8045471,17.3368884 26.2522624,17.3368884 L23.94066,17.3368884 L23.94066,19.8787952 C23.94066,20.43108 23.4929447,20.8787952 22.94066,20.8787952 C22.3883752,20.8787952 21.94066,20.43108 21.94066,19.8787952 L21.94066,17.3368884 L19.2666667,17.3368884 C18.7143819,17.3368884 18.2666667,16.8891732 18.2666667,16.3368884 C18.2666667,15.7846037 18.7143819,15.3368884 19.2666667,15.3368884 L21.94066,15.3368884 Z M8,12 C7.44771525,12 7,11.5522847 7,11 C7,10.4477153 7.44771525,10 8,10 L19.1153581,10 C19.6676429,10 20.1153581,10.4477153 20.1153581,11 C20.1153581,11.5522847 19.6676429,12 19.1153581,12 L8,12 Z M8,17.3368884 C7.44771525,17.3368884 7,16.8891732 7,16.3368884 C7,15.7846037 7.44771525,15.3368884 8,15.3368884 L14.7200696,15.3368884 C15.2723543,15.3368884 15.7200696,15.7846037 15.7200696,16.3368884 C15.7200696,16.8891732 15.2723543,17.3368884 14.7200696,17.3368884 L8,17.3368884 Z M8,23 C7.44771525,23 7,22.5522847 7,22 C7,21.4477153 7.44771525,21 8,21 L19.1153581,21 C19.6676429,21 20.1153581,21.4477153 20.1153581,22 C20.1153581,22.5522847 19.6676429,23 19.1153581,23 L8,23 Z" fill="#000000" fill-rule="nonzero"></path></g></g></svg></div> <div class="pdl-product-detail_list-tooltip"><p>Add item to shopping list</p> <em></em></div></button></div></div></div> <!----></li> <!----><!----> <!----> <!----> <!----> <li tabindex="-1" data-product-id="871" class="slot mobile-product-list-cell"><!----> <!----> <!----> <!----> <div class="mobile-product-list-cell_content"><div><!----> <div class="flag_outer-container"><!----> <!----> <!----> <!----></div></div> <div class="mobile-product-list-cell_left"><div><!----> <img src="data:image/svg+xml;base64,PD94bWwgdmVyc2lvbj0iMS4wIiBlbmNvZGluZz0idXRmLTgiPz4KPCEtLSBHZW5lcmF0ZWQgYnkgSWNvTW9vbi5pbyAtLT4KPCFET0NUWVBFIHN2ZyBQVUJMSUMgIi0vL1czQy8vRFREIFNWRyAxLjEvL0VOIiAiaHR0cDovL3d3dy53My5vcmcvR3JhcGhpY3MvU1ZHLzEuMS9EVEQvc3ZnMTEuZHRkIj4KPHN2ZyB2ZXJzaW9uPSIxLjEiIHhtbG5zPSJodHRwOi8vd3d3LnczLm9yZy8yMDAwL3N2ZyIgeG1sbnM6eGxpbms9Imh0dHA6Ly93d3cudzMub3JnLzE5OTkveGxpbmsiIHdpZHRoPSI0OCIgaGVpZ2h0PSI0OCIgdmlld0JveD0iMCAwIDQ4IDQ4Ij4KPGcgaWQ9Imljb21vb24taWdub3JlIj4KCTxsaW5lIHN0cm9rZS13aWR0aD0iMSIgeDE9IiIgeTE9IiIgeDI9IiIgeTI9IiIgc3Ryb2tlPSIjNDQ5RkRCIiBvcGFjaXR5PSIiPjwvbGluZT4KPC9nPgoJPHBhdGggZD0iTTM4LjQ4IDkuMDcwYzAuMjQ4IDAgMC40NSAwLjIwMiAwLjQ1IDAuNDV2MjguOTU5YzAgMC4yNDgtMC4yMDIgMC40NS0wLjQ1IDAuNDVoLTI4Ljk1OWMtMC4yNDggMC0wLjQ1LTAuMjAyLTAuNDUtMC40NXYtMjguOTU5YzAtMC4yNDggMC4yMDItMC40NSAwLjQ1LTAuNDVoMjguOTU5ek0zOC40OCA4aC0yOC45NTljLTAuODQgMC0xLjUyIDAuNjgxLTEuNTIgMS41MjF2MjguOTU5YzAgMC44NCAwLjY4MSAxLjUyMSAxLjUyIDEuNTIxaDI4Ljk1OWMwLjg0IDAgMS41Mi0wLjY4MSAxLjUyLTEuNTIxdi0yOC45NTljMC0wLjg0LTAuNjgxLTEuNTIxLTEuNTItMS41MjF2MHoiIG9wYWNpdHk9IjEiIHZpc2liaWxpdHk9ImZhbHNlIiBmaWxsPSIjZDdkN2Q3Ij48L3BhdGg+Cgk8cGF0aCBkPSJNMTIuMjI4IDM1LjIyNHYtMy4zMjljMC0wLjE0NSAwLjA1OC0wLjI4NSAwLjE2LTAuMzg4bDUuNTg3LTUuNTg3YzAuMjE0LTAuMjE0IDAuNTYxLTAuMjE0IDAuNzc1IDBsMi4xMTkgMi4xMTljMC4yMTQgMC4yMTQgMC41NjEgMC4yMTQgMC43NzUgMGw4LjE5MS04LjE5MmMwLjIxNC0wLjIxNCAwLjU2MS0wLjIxNCAwLjc3NSAwbDUgNWMwLjEwMyAwLjEwMyAwLjE2IDAuMjQyIDAuMTYgMC4zODh2OS45ODhjMCAwLjMwMy0wLjI0NSAwLjU0OC0wLjU0OCAwLjU0OGgtMjIuNDQ3Yy0wLjMwMyAwLTAuNTQ4LTAuMjQ1LTAuNTQ4LTAuNTQ4eiIgb3BhY2l0eT0iMSIgdmlzaWJpbGl0eT0iZmFsc2UiIGZpbGw9IiNkN2Q3ZDciPjwvcGF0aD4KCTxwYXRoIGQ9Ik0yMS41NDQgMTcuOTY3YzAgMS45ODItMS42MDYgMy41ODgtMy41ODggMy41ODhzLTMuNTg4LTEuNjA2LTMuNTg4LTMuNTg4YzAtMS45ODEgMS42MDYtMy41ODggMy41ODgtMy41ODhzMy41ODggMS42MDYgMy41ODggMy41ODh6IiBvcGFjaXR5PSIxIiB2aXNpYmlsaXR5PSJmYWxzZSIgZmlsbD0iI2Q3ZDdkNyI+PC9wYXRoPgo8L3N2Zz4K" alt="Mott's Applesauce Cups - 6 ct" skeleton-box-size="9rem" class="product-grid-image object-contain"></div></div> <div class="mobile-product-list-cell_info"><div class="product-tile_detail"><div class="skeleton-loader_wrapper cursor-pointer"><div class="product-grid-cell_price-container product-grid-cell_price-container--mobile"><span class="product-grid-cell_main-price"><!---->
    $2.99
  </span> <!----></div> <!----></div> <!----></div> <div class="mobile-product-list-cell_name-content"><div class="skeleton-loader_wrapper"><div class="product-grid-cell_name"><a id="product-name-871-16760862670745224" href="#" data-opens-modal="true" aria-haspopup="dialog" class="product-grid-cell_name-text product-grid-cell_name-text--clamp-2"><!---->
    Mott's Applesauce Cups - 6 ct
  </a></div> <!----> <!----></div> <div class="skeleton-loader_wrapper"><div class="product-grid-cell_sizes"><span class="product-grid-cell_size">
    24 OZ PKG
  </span> <span aria-hidden="true">
    |
  </span> <!----> <span class="product-grid-cell_unit">
    $0.12 / OZ
  </span></div> <!----></div> <!----> <!----> <!----> <!----> <!----> <!----> <!----></div> <div class="mobile-product-list-cell_bottom"><div class="mobile-product-list-cell_bottom_cart-ui-wrapper"><div class="pdl-add-to-cart"><button class="button button--disabled out-of-stock_text">
    Out of Stock
  </button> <!----></div> <!----> <!----></div> <!----></div></div></div> <div class="product-tile_action-items"><!----> <!----> <div class="shopping-list-menu_container"><div class="relative-el"><button aria-label="add to shopping list" class="button pdl-product-detail_top-icon button--fourth pdl-product-detail_top-icon--borderless"><!----> <div class="vector-icon-size--large"><svg xmlns="http://www.w3.org/2000/svg" aria-label="Shopping List Icon Add" viewBox="0 0 32 32" role="presentation" aria-hidden="true" focusable="false" class="vector-icon-color--dark-grey"><title lang="en">Shopping List Icon Add</title><desc></desc><g fill="" stroke=""><g><path d="M21.94066,15.3368884 L21.94066,12.8931995 C21.94066,12.3409148 22.3883752,11.8931995 22.94066,11.8931995 C23.4929447,11.8931995 23.94066,12.3409148 23.94066,12.8931995 L23.94066,15.3368884 L26.2522624,15.3368884 C26.8045471,15.3368884 27.2522624,15.7846037 27.2522624,16.3368884 C27.2522624,16.8891732 26.8045471,17.3368884 26.2522624,17.3368884 L23.94066,17.3368884 L23.94066,19.8787952 C23.94066,20.43108 23.4929447,20.8787952 22.94066,20.8787952 C22.3883752,20.8787952 21.94066,20.43108 21.94066,19.8787952 L21.94066,17.3368884 L19.2666667,17.3368884 C18.7143819,17.3368884 18.2666667,16.8891732 18.2666667,16.3368884 C18.2666667,15.7846037 18.7143819,15.3368884 19.2666667,15.3368884 L21.94066,15.3368884 Z M8,12 C7.44771525,12 7,11.5522847 7,11 C7,10.4477153 7.44771525,10 8,10 L19.1153581,10 C19.6676429,10 20.1153581,10.4477153 20.1153581,11 C20.1153581,11.5522847 19.6676429,12 19.1153581,12 L8,12 Z M8,17.3368884 C7.44771525,17.3368884 7,16.8891732 7,16.3368884 C7,15.7846037 7.44771525,15.3368884 8,15.3368884 L14.7200696,15.3368884 C15.2723543,15.3368884 15.7200696,15.7846037 15.7200696,16.3368884 C15.7200696,16.8891732 15.2723543,17.3368884 14.7200696,17.3368884 L8,17.3368884 Z M8,23 C7.44771525,23 7,22.5522847 7,22 C7,21.4477153 7.44771525,21 8,21 L19.1153581,21 C19.6676429,21 20.1153581,21.4477153 20.1153581,22 C20.1153581,22.5522847 19.6676429,23 19.1153581,23 L8,23 Z" fill="#000000" fill-rule="nonzero"></path></g></g></svg></div> <div class="pdl-product-detail_list-tooltip"><p>Add item to shopping list</p> <em></em></div></button></div></div></div> <!----></li> <!----><!----> <!----> <!----> <!----> <li tabindex="-1" data-product-id="155496" class="slot mobile-product-list-cell"><!----> <!----> <!----> <!----> <div class="mobile-product-list-cell_content"><div><!----> <div class="flag_outer-container"><div class=""><svg xmlns="http://www.w3.org/2000/svg" aria-label="Sale" viewBox="0 0 32 32" role="presentation" aria-hidden="true" focusable="false" class="w-20 ml-3"><title lang="en">Sale</title><desc></desc><g fill="" stroke=""><g><path d="M16.56 19.87a3.81 3.81 0 0 1-1-.13l-13.39-3.5a1.5 1.5 0 0 1-1.12-1.34l-.81-11a1.52 1.52 0 0 1 1.39-1.61l27.69-2h.11a1.51 1.51 0 0 1 1.5 1.4l.82 11a1.52 1.52 0 0 1-.91 1.5l-12.72 5.36a3.79 3.79 0 0 1-1.56.32Z" fill="#ed1256"></path><path fill="#fff" d="M29.43.48a1.26 1.26 0 0 1 1.26 1.17l.82 11a1.27 1.27 0 0 1-.76 1.26L18 19.34a3.72 3.72 0 0 1-1.47.3 3.79 3.79 0 0 1-.94-.12L2.24 16a1.27 1.27 0 0 1-1-1.13l-.81-11a1.26 1.26 0 0 1 1.22-1.33L29.34.48h.09m0-.48h-.13L1.62 2A1.76 1.76 0 0 0 0 3.92l.82 11a1.73 1.73 0 0 0 1.3 1.55L15.5 20a4.3 4.3 0 0 0 1.07.14 4.24 4.24 0 0 0 1.65-.34l12.72-5.44A1.76 1.76 0 0 0 32 12.59l-.82-11A1.76 1.76 0 0 0 29.43 0Z"></path><path fill="#fff" d="M3.74 9.87a3 3 0 0 0 .82.55 2.21 2.21 0 0 0 1.08.19 1.6 1.6 0 0 0 .29 0 1 1 0 0 0 .26-.12.58.58 0 0 0 .18-.2.62.62 0 0 0 0-.31.59.59 0 0 0-.32-.49 3.38 3.38 0 0 0-.85-.34L4.84 9a4.19 4.19 0 0 1-.69-.26 2.44 2.44 0 0 1-.63-.41 1.92 1.92 0 0 1-.7-1.42 2.68 2.68 0 0 1 .1-1A2.2 2.2 0 0 1 3.39 5a2.42 2.42 0 0 1 .82-.6 3.15 3.15 0 0 1 1.17-.28 3.68 3.68 0 0 1 1.72.24 3 3 0 0 1 .57.29A2.66 2.66 0 0 1 8 5l-.82 1.37a4.42 4.42 0 0 0-.82-.45 2 2 0 0 0-.85-.13 1.4 1.4 0 0 0-.28.06A.9.9 0 0 0 5 6a.62.62 0 0 0-.16.2.5.5 0 0 0 0 .28.6.6 0 0 0 .1.31.68.68 0 0 0 .24.2 1.27 1.27 0 0 0 .35.15l.43.13.35.09a7.49 7.49 0 0 1 .69.22 2.2 2.2 0 0 1 .72.42 2.46 2.46 0 0 1 .54.68 2.31 2.31 0 0 1 .27 1 2.15 2.15 0 0 1-.15 1 2.53 2.53 0 0 1-.56.84 2.77 2.77 0 0 1-.88.59 4 4 0 0 1-1.11.27A4.67 4.67 0 0 1 4 12.25a3.79 3.79 0 0 1-1.28-.75ZM11.29 3.89l2.17-.16 3.1 7.7-2 .15L14 10l-2.39.18-.35 1.67-2 .14Zm2.15 4.6-1-2.84-.61 2.95ZM17 3.47l1.89-.14.44 6 3.3-.25.16 1.92-5.19.39ZM23.36 3l5.13-.38.13 1.8-3.24.24.09 1.22 2.66-.2.12 1.7-2.65.2.09 1.35 3.46-.26.13 1.81-5.34.4Z"></path></g></g></svg></div> <!----> <!----> <!----></div></div> <div class="mobile-product-list-cell_left"><div><!----> <img src="data:image/svg+xml;base64,PD94bWwgdmVyc2lvbj0iMS4wIiBlbmNvZGluZz0idXRmLTgiPz4KPCEtLSBHZW5lcmF0ZWQgYnkgSWNvTW9vbi5pbyAtLT4KPCFET0NUWVBFIHN2ZyBQVUJMSUMgIi0vL1czQy8vRFREIFNWRyAxLjEvL0VOIiAiaHR0cDovL3d3dy53My5vcmcvR3JhcGhpY3MvU1ZHLzEuMS9EVEQvc3ZnMTEuZHRkIj4KPHN2ZyB2ZXJzaW9uPSIxLjEiIHhtbG5zPSJodHRwOi8vd3d3LnczLm9yZy8yMDAwL3N2ZyIgeG1sbnM6eGxpbms9Imh0dHA6Ly93d3cudzMub3JnLzE5OTkveGxpbmsiIHdpZHRoPSI0OCIgaGVpZ2h0PSI0OCIgdmlld0JveD0iMCAwIDQ4IDQ4Ij4KPGcgaWQ9Imljb21vb24taWdub3JlIj4KCTxsaW5lIHN0cm9rZS13aWR0aD0iMSIgeDE9IiIgeTE9IiIgeDI9IiIgeTI9IiIgc3Ryb2tlPSIjNDQ5RkRCIiBvcGFjaXR5PSIiPjwvbGluZT4KPC9nPgoJPHBhdGggZD0iTTM4LjQ4IDkuMDcwYzAuMjQ4IDAgMC40NSAwLjIwMiAwLjQ1IDAuNDV2MjguOTU5YzAgMC4yNDgtMC4yMDIgMC40NS0wLjQ1IDAuNDVoLTI4Ljk1OWMtMC4yNDggMC0wLjQ1LTAuMjAyLTAuNDUtMC40NXYtMjguOTU5YzAtMC4yNDggMC4yMDItMC40NSAwLjQ1LTAuNDVoMjguOTU5ek0zOC40OCA4aC0yOC45NTljLTAuODQgMC0xLjUyIDAuNjgxLTEuNTIgMS41MjF2MjguOTU5YzAgMC44NCAwLjY4MSAxLjUyMSAxLjUyIDEuNTIxaDI4Ljk1OWMwLjg0IDAgMS41Mi0wLjY4MSAxLjUyLTEuNTIxdi0yOC45NTljMC0wLjg0LTAuNjgxLTEuNTIxLTEuNTItMS41MjF2MHoiIG9wYWNpdHk9IjEiIHZpc2liaWxpdHk9ImZhbHNlIiBmaWxsPSIjZDdkN2Q3Ij48L3BhdGg+Cgk8cGF0aCBkPSJNMTIuMjI4IDM1LjIyNHYtMy4zMjljMC0wLjE0NSAwLjA1OC0wLjI4NSAwLjE2LTAuMzg4bDUuNTg3LTUuNTg3YzAuMjE0LTAuMjE0IDAuNTYxLTAuMjE0IDAuNzc1IDBsMi4xMTkgMi4xMTljMC4yMTQgMC4yMTQgMC41NjEgMC4yMTQgMC43NzUgMGw4LjE5MS04LjE5MmMwLjIxNC0wLjIxNCAwLjU2MS0wLjIxNCAwLjc3NSAwbDUgNWMwLjEwMyAwLjEwMyAwLjE2IDAuMjQyIDAuMTYgMC4zODh2OS45ODhjMCAwLjMwMy0wLjI0NSAwLjU0OC0wLjU0OCAwLjU0OGgtMjIuNDQ3Yy0wLjMwMyAwLTAuNTQ4LTAuMjQ1LTAuNTQ4LTAuNTQ4eiIgb3BhY2l0eT0iMSIgdmlzaWJpbGl0eT0iZmFsc2UiIGZpbGw9IiNkN2Q3ZDciPjwvcGF0aD4KCTxwYXRoIGQ9Ik0yMS41NDQgMTcuOTY3YzAgMS45ODItMS42MDYgMy41ODgtMy41ODggMy41ODhzLTMuNTg4LTEuNjA2LTMuNTg4LTMuNTg4YzAtMS45ODEgMS42MDYtMy41ODggMy41ODgtMy41ODhzMy41ODggMS42MDYgMy41ODggMy41ODh6IiBvcGFjaXR5PSIxIiB2aXNpYmlsaXR5PSJmYWxzZSIgZmlsbD0iI2Q3ZDdkNyI+PC9wYXRoPgo8L3N2Zz4K" alt="Stop &amp; Shop Tomatoes - 4 ct" skeleton-box-size="9rem" class="product-grid-image object-contain"></div></div> <div class="mobile-product-list-cell_info"><div class="product-tile_detail"><div class="skeleton-loader_wrapper cursor-pointer"><div class="product-grid-cell_price-container product-grid-cell_price-container_column product-grid-cell_price-container--mobile"><span class="product-grid-cell_main-price product-grid-cell_main-price--on-sale"><span class="sr-only">
      Sale Price
    </span>
    $2.50
  </span> <div class="product-grid-cell_was-container"><span class="product-grid-cell_regular-price product-grid-cell_regular-price--small"><span class="sr-only">
        Original Price
      </span>
      $3.49
    </span></div></div> <!----></div> <!----></div> <div class="mobile-product-list-cell_name-content"><div class="skeleton-loader_wrapper"><div class="product-grid-cell_name"><a id="product-name-155496-16760862670762463" href="#" data-opens-modal="true" aria-haspopup="dialog" class="product-grid-cell_name-text product-grid-cell_name-text--clamp-2"><span class="vector-icon_inline-text--left mr-0"><div class="vector-icon-size--xsmall"><svg xmlns="http://www.w3.org/2000/svg" aria-label="Ahold Icon" viewBox="0 0 1024 945" role="presentation" aria-hidden="true" focusable="false" class=""><title lang="en">Ahold Icon</title><desc></desc><g fill="" stroke=""><g><path d="M1.893 730.617c-1.289-2.094-2.052-4.631-2.052-7.346 0-.747.058-1.481.169-2.197.158-12.396 10.227-22.466 22.687-22.634h895.306c12.476.168 22.545 10.237 22.713 22.698-.521 3.721-1.182 6.924-2.024 10.053l.131-.574c-86.363 175.072-263.598 293.385-468.466 293.385S88.254 905.689 3.252 733.663l-1.361-3.046z" fill="#F7A800" class="path1"></path> <path d="M107.889 132.495c1.893-1.893 1.893-3.786 3.786-5.678 2.98-3.491 7.385-5.69 12.303-5.69s9.323 2.199 12.284 5.668l.019.022L613.264 603.8c3.491 2.98 5.69 7.385 5.69 12.303s-2.199 9.323-5.668 12.284c-1.399 1.869-3.361 3.216-5.631 3.789l-.069.015c-38.446 13.732-82.796 21.669-129.001 21.669-108.416 0-206.626-43.699-277.977-114.443C130.241 467.591 86.799 369.1 86.799 260.462c0-45.803 7.722-89.803 21.936-130.767l-.845 2.8z" fill="#E2231A" class="path2"></path> <path d="M600.015 1.893a6.922 6.922 0 0 1 5.713-1.889c.057-.006.164-.007.272-.007 7.15 0 12.947 5.796 12.947 12.947 0 .108-.001.215-.004.322v-.016 503.482c.002.091.004.199.004.306 0 7.15-5.796 12.947-12.947 12.947-.108 0-.215-.001-.322-.004a6.925 6.925 0 0 1-5.665-1.895l.002.002c-98.273-48.542-164.673-148.065-164.673-263.098S501.743 50.434 598.306 2.657l1.709-.765z" fill="#712177" class="path3"></path> <path d="M938.824 283.919c1.893 0 1.893 1.893 3.786 1.893 1.765 2.012 2.841 4.666 2.841 7.571s-1.077 5.559-2.853 7.584l.011-.013-268.776 266.884c-2.012 1.765-4.666 2.841-7.571 2.841s-5.559-1.077-7.584-2.853a3.774 3.774 0 0 1-1.877-3.793l-.002.019c-7.681-21.529-12.12-46.363-12.12-72.235 0-61.263 24.891-116.712 65.111-156.786 39.326-39.792 93.895-64.431 154.219-64.431 26.857 0 52.573 4.884 76.309 13.812l-1.494-.493z" fill="#82BC00" class="path4"></path></g></g></svg></div></span>
    Stop &amp; Shop Tomatoes - 4 ct
  </a></div> <!----> <!----></div> <div class="skeleton-loader_wrapper"><div class="product-grid-cell_sizes"><span class="product-grid-cell_size">
    20 OZ PKG
  </span> <span aria-hidden="true">
    |
  </span> <!----> <span class="product-grid-cell_unit">
    $0.13 / OZ
  </span></div> <!----></div> <!----> <!----> <!----> <!----> <!----> <!----> <!----></div> <div class="mobile-product-list-cell_bottom"><div class="mobile-product-list-cell_bottom_cart-ui-wrapper"><!----> <!----> <div class="pdl-add-to-cart"><div class="pdl-add-to-cart_button"><button aria-label="Add to cart" data-product-id="155496" data-price="2.5" class="button button--add-to-cart add-sale">
      Add to cart
      <!----></button> <!----> <!----> <!----></div> <!----></div></div> <!----></div></div></div> <div class="product-tile_action-items"><!----> <!----> <div class="shopping-list-menu_container"><div class="relative-el"><button aria-label="add to shopping list" class="button pdl-product-detail_top-icon button--fourth pdl-product-detail_top-icon--borderless"><!----> <div class="vector-icon-size--large"><svg xmlns="http://www.w3.org/2000/svg" aria-label="Shopping List Icon Add" viewBox="0 0 32 32" role="presentation" aria-hidden="true" focusable="false" class="vector-icon-color--dark-grey"><title lang="en">Shopping List Icon Add</title><desc></desc><g fill="" stroke=""><g><path d="M21.94066,15.3368884 L21.94066,12.8931995 C21.94066,12.3409148 22.3883752,11.8931995 22.94066,11.8931995 C23.4929447,11.8931995 23.94066,12.3409148 23.94066,12.8931995 L23.94066,15.3368884 L26.2522624,15.3368884 C26.8045471,15.3368884 27.2522624,15.7846037 27.2522624,16.3368884 C27.2522624,16.8891732 26.8045471,17.3368884 26.2522624,17.3368884 L23.94066,17.3368884 L23.94066,19.8787952 C23.94066,20.43108 23.4929447,20.8787952 22.94066,20.8787952 C22.3883752,20.8787952 21.94066,20.43108 21.94066,19.8787952 L21.94066,17.3368884 L19.2666667,17.3368884 C18.7143819,17.3368884 18.2666667,16.8891732 18.2666667,16.3368884 C18.2666667,15.7846037 18.7143819,15.3368884 19.2666667,15.3368884 L21.94066,15.3368884 Z M8,12 C7.44771525,12 7,11.5522847 7,11 C7,10.4477153 7.44771525,10 8,10 L19.1153581,10 C19.6676429,10 20.1153581,10.4477153 20.1153581,11 C20.1153581,11.5522847 19.6676429,12 19.1153581,12 L8,12 Z M8,17.3368884 C7.44771525,17.3368884 7,16.8891732 7,16.3368884 C7,15.7846037 7.44771525,15.3368884 8,15.3368884 L14.7200696,15.3368884 C15.2723543,15.3368884 15.7200696,15.7846037 15.7200696,16.3368884 C15.7200696,16.8891732 15.2723543,17.3368884 14.7200696,17.3368884 L8,17.3368884 Z M8,23 C7.44771525,23 7,22.5522847 7,22 C7,21.4477153 7.44771525,21 8,21 L19.1153581,21 C19.6676429,21 20.1153581,21.4477153 20.1153581,22 C20.1153581,22.5522847 19.6676429,23 19.1153581,23 L8,23 Z" fill="#000000" fill-rule="nonzero"></path></g></g></svg></div> <div class="pdl-product-detail_list-tooltip"><p>Add item to shopping list</p> <em></em></div></button></div></div></div> <!----></li> <!----><!----> <!----> <!----> <!----> <li tabindex="-1" data-product-id="2661" class="slot mobile-product-list-cell"><!----> <!----> <!----> <!----> <div class="mobile-product-list-cell_content"><div><!----> <div class="flag_outer-container"><div class=""><svg xmlns="http://www.w3.org/2000/svg" aria-label="Sale" viewBox="0 0 32 32" role="presentation" aria-hidden="true" focusable="false" class="w-20 ml-3"><title lang="en">Sale</title><desc></desc><g fill="" stroke=""><g><path d="M16.56 19.87a3.81 3.81 0 0 1-1-.13l-13.39-3.5a1.5 1.5 0 0 1-1.12-1.34l-.81-11a1.52 1.52 0 0 1 1.39-1.61l27.69-2h.11a1.51 1.51 0 0 1 1.5 1.4l.82 11a1.52 1.52 0 0 1-.91 1.5l-12.72 5.36a3.79 3.79 0 0 1-1.56.32Z" fill="#ed1256"></path><path fill="#fff" d="M29.43.48a1.26 1.26 0 0 1 1.26 1.17l.82 11a1.27 1.27 0 0 1-.76 1.26L18 19.34a3.72 3.72 0 0 1-1.47.3 3.79 3.79 0 0 1-.94-.12L2.24 16a1.27 1.27 0 0 1-1-1.13l-.81-11a1.26 1.26 0 0 1 1.22-1.33L29.34.48h.09m0-.48h-.13L1.62 2A1.76 1.76 0 0 0 0 3.92l.82 11a1.73 1.73 0 0 0 1.3 1.55L15.5 20a4.3 4.3 0 0 0 1.07.14 4.24 4.24 0 0 0 1.65-.34l12.72-5.44A1.76 1.76 0 0 0 32 12.59l-.82-11A1.76 1.76 0 0 0 29.43 0Z"></path><path fill="#fff" d="M3.74 9.87a3 3 0 0 0 .82.55 2.21 2.21 0 0 0 1.08.19 1.6 1.6 0 0 0 .29 0 1 1 0 0 0 .26-.12.58.58 0 0 0 .18-.2.62.62 0 0 0 0-.31.59.59 0 0 0-.32-.49 3.38 3.38 0 0 0-.85-.34L4.84 9a4.19 4.19 0 0 1-.69-.26 2.44 2.44 0 0 1-.63-.41 1.92 1.92 0 0 1-.7-1.42 2.68 2.68 0 0 1 .1-1A2.2 2.2 0 0 1 3.39 5a2.42 2.42 0 0 1 .82-.6 3.15 3.15 0 0 1 1.17-.28 3.68 3.68 0 0 1 1.72.24 3 3 0 0 1 .57.29A2.66 2.66 0 0 1 8 5l-.82 1.37a4.42 4.42 0 0 0-.82-.45 2 2 0 0 0-.85-.13 1.4 1.4 0 0 0-.28.06A.9.9 0 0 0 5 6a.62.62 0 0 0-.16.2.5.5 0 0 0 0 .28.6.6 0 0 0 .1.31.68.68 0 0 0 .24.2 1.27 1.27 0 0 0 .35.15l.43.13.35.09a7.49 7.49 0 0 1 .69.22 2.2 2.2 0 0 1 .72.42 2.46 2.46 0 0 1 .54.68 2.31 2.31 0 0 1 .27 1 2.15 2.15 0 0 1-.15 1 2.53 2.53 0 0 1-.56.84 2.77 2.77 0 0 1-.88.59 4 4 0 0 1-1.11.27A4.67 4.67 0 0 1 4 12.25a3.79 3.79 0 0 1-1.28-.75ZM11.29 3.89l2.17-.16 3.1 7.7-2 .15L14 10l-2.39.18-.35 1.67-2 .14Zm2.15 4.6-1-2.84-.61 2.95ZM17 3.47l1.89-.14.44 6 3.3-.25.16 1.92-5.19.39ZM23.36 3l5.13-.38.13 1.8-3.24.24.09 1.22 2.66-.2.12 1.7-2.65.2.09 1.35 3.46-.26.13 1.81-5.34.4Z"></path></g></g></svg></div> <!----> <!----> <!----></div></div> <div class="mobile-product-list-cell_left"><div><!----> <img src="data:image/svg+xml;base64,PD94bWwgdmVyc2lvbj0iMS4wIiBlbmNvZGluZz0idXRmLTgiPz4KPCEtLSBHZW5lcmF0ZWQgYnkgSWNvTW9vbi5pbyAtLT4KPCFET0NUWVBFIHN2ZyBQVUJMSUMgIi0vL1czQy8vRFREIFNWRyAxLjEvL0VOIiAiaHR0cDovL3d3dy53My5vcmcvR3JhcGhpY3MvU1ZHLzEuMS9EVEQvc3ZnMTEuZHRkIj4KPHN2ZyB2ZXJzaW9uPSIxLjEiIHhtbG5zPSJodHRwOi8vd3d3LnczLm9yZy8yMDAwL3N2ZyIgeG1sbnM6eGxpbms9Imh0dHA6Ly93d3cudzMub3JnLzE5OTkveGxpbmsiIHdpZHRoPSI0OCIgaGVpZ2h0PSI0OCIgdmlld0JveD0iMCAwIDQ4IDQ4Ij4KPGcgaWQ9Imljb21vb24taWdub3JlIj4KCTxsaW5lIHN0cm9rZS13aWR0aD0iMSIgeDE9IiIgeTE9IiIgeDI9IiIgeTI9IiIgc3Ryb2tlPSIjNDQ5RkRCIiBvcGFjaXR5PSIiPjwvbGluZT4KPC9nPgoJPHBhdGggZD0iTTM4LjQ4IDkuMDcwYzAuMjQ4IDAgMC40NSAwLjIwMiAwLjQ1IDAuNDV2MjguOTU5YzAgMC4yNDgtMC4yMDIgMC40NS0wLjQ1IDAuNDVoLTI4Ljk1OWMtMC4yNDggMC0wLjQ1LTAuMjAyLTAuNDUtMC40NXYtMjguOTU5YzAtMC4yNDggMC4yMDItMC40NSAwLjQ1LTAuNDVoMjguOTU5ek0zOC40OCA4aC0yOC45NTljLTAuODQgMC0xLjUyIDAuNjgxLTEuNTIgMS41MjF2MjguOTU5YzAgMC44NCAwLjY4MSAxLjUyMSAxLjUyIDEuNTIxaDI4Ljk1OWMwLjg0IDAgMS41Mi0wLjY4MSAxLjUyLTEuNTIxdi0yOC45NTljMC0wLjg0LTAuNjgxLTEuNTIxLTEuNTItMS41MjF2MHoiIG9wYWNpdHk9IjEiIHZpc2liaWxpdHk9ImZhbHNlIiBmaWxsPSIjZDdkN2Q3Ij48L3BhdGg+Cgk8cGF0aCBkPSJNMTIuMjI4IDM1LjIyNHYtMy4zMjljMC0wLjE0NSAwLjA1OC0wLjI4NSAwLjE2LTAuMzg4bDUuNTg3LTUuNTg3YzAuMjE0LTAuMjE0IDAuNTYxLTAuMjE0IDAuNzc1IDBsMi4xMTkgMi4xMTljMC4yMTQgMC4yMTQgMC41NjEgMC4yMTQgMC43NzUgMGw4LjE5MS04LjE5MmMwLjIxNC0wLjIxNCAwLjU2MS0wLjIxNCAwLjc3NSAwbDUgNWMwLjEwMyAwLjEwMyAwLjE2IDAuMjQyIDAuMTYgMC4zODh2OS45ODhjMCAwLjMwMy0wLjI0NSAwLjU0OC0wLjU0OCAwLjU0OGgtMjIuNDQ3Yy0wLjMwMyAwLTAuNTQ4LTAuMjQ1LTAuNTQ4LTAuNTQ4eiIgb3BhY2l0eT0iMSIgdmlzaWJpbGl0eT0iZmFsc2UiIGZpbGw9IiNkN2Q3ZDciPjwvcGF0aD4KCTxwYXRoIGQ9Ik0yMS41NDQgMTcuOTY3YzAgMS45ODItMS42MDYgMy41ODgtMy41ODggMy41ODhzLTMuNTg4LTEuNjA2LTMuNTg4LTMuNTg4YzAtMS45ODEgMS42MDYtMy41ODggMy41ODgtMy41ODhzMy41ODggMS42MDYgMy41ODggMy41ODh6IiBvcGFjaXR5PSIxIiB2aXNpYmlsaXR5PSJmYWxzZSIgZmlsbD0iI2Q3ZDdkNyI+PC9wYXRoPgo8L3N2Zz4K" alt="Lay's Potato Chips Classic" skeleton-box-size="9rem" class="product-grid-image object-contain"></div></div> <div class="mobile-product-list-cell_info"><div class="product-tile_detail"><div class="skeleton-loader_wrapper cursor-pointer"><div class="product-grid-cell_price-container product-grid-cell_price-container_column product-grid-cell_price-container--mobile"><span class="product-grid-cell_main-price product-grid-cell_main-price--on-sale"><span class="sr-only">
      Sale Price
    </span>
    $4.00
  </span> <div class="product-grid-cell_was-container"><span class="product-grid-cell_regular-price product-grid-cell_regular-price--small"><span class="sr-only">
        Original Price
      </span>
      $4.59
    </span></div></div> <!----></div> <!----></div> <div class="mobile-product-list-cell_name-content"><div class="skeleton-loader_wrapper"><div class="product-grid-cell_name"><a id="product-name-2661-16760862670824899" href="#" data-opens-modal="true" aria-haspopup="dialog" class="product-grid-cell_name-text product-grid-cell_name-text--clamp-2"><!---->
    Lay's Potato Chips Classic
  </a></div> <!----> <!----></div> <div class="skeleton-loader_wrapper"><div class="product-grid-cell_sizes"><span class="product-grid-cell_size">
    8 OZ BAG
  </span> <span aria-hidden="true">
    |
  </span> <!----> <span class="product-grid-cell_unit">
    $0.50 / OZ
  </span></div> <!----></div> <!----> <!----> <!----> <!----> <!----> <!----> <!----></div> <div class="mobile-product-list-cell_bottom"><div class="mobile-product-list-cell_bottom_cart-ui-wrapper"><!----> <!----> <div class="pdl-add-to-cart"><div class="pdl-add-to-cart_button"><button aria-label="Add to cart" data-product-id="2661" data-price="4" class="button button--add-to-cart add-sale">
      Add to cart
      <!----></button> <!----> <!----> <!----></div> <!----></div></div> <!----></div></div></div> <div class="product-tile_action-items"><!----> <!----> <div class="shopping-list-menu_container"><div class="relative-el"><button aria-label="add to shopping list" class="button pdl-product-detail_top-icon button--fourth pdl-product-detail_top-icon--borderless"><!----> <div class="vector-icon-size--large"><svg xmlns="http://www.w3.org/2000/svg" aria-label="Shopping List Icon Add" viewBox="0 0 32 32" role="presentation" aria-hidden="true" focusable="false" class="vector-icon-color--dark-grey"><title lang="en">Shopping List Icon Add</title><desc></desc><g fill="" stroke=""><g><path d="M21.94066,15.3368884 L21.94066,12.8931995 C21.94066,12.3409148 22.3883752,11.8931995 22.94066,11.8931995 C23.4929447,11.8931995 23.94066,12.3409148 23.94066,12.8931995 L23.94066,15.3368884 L26.2522624,15.3368884 C26.8045471,15.3368884 27.2522624,15.7846037 27.2522624,16.3368884 C27.2522624,16.8891732 26.8045471,17.3368884 26.2522624,17.3368884 L23.94066,17.3368884 L23.94066,19.8787952 C23.94066,20.43108 23.4929447,20.8787952 22.94066,20.8787952 C22.3883752,20.8787952 21.94066,20.43108 21.94066,19.8787952 L21.94066,17.3368884 L19.2666667,17.3368884 C18.7143819,17.3368884 18.2666667,16.8891732 18.2666667,16.3368884 C18.2666667,15.7846037 18.7143819,15.3368884 19.2666667,15.3368884 L21.94066,15.3368884 Z M8,12 C7.44771525,12 7,11.5522847 7,11 C7,10.4477153 7.44771525,10 8,10 L19.1153581,10 C19.6676429,10 20.1153581,10.4477153 20.1153581,11 C20.1153581,11.5522847 19.6676429,12 19.1153581,12 L8,12 Z M8,17.3368884 C7.44771525,17.3368884 7,16.8891732 7,16.3368884 C7,15.7846037 7.44771525,15.3368884 8,15.3368884 L14.7200696,15.3368884 C15.2723543,15.3368884 15.7200696,15.7846037 15.7200696,16.3368884 C15.7200696,16.8891732 15.2723543,17.3368884 14.7200696,17.3368884 L8,17.3368884 Z M8,23 C7.44771525,23 7,22.5522847 7,22 C7,21.4477153 7.44771525,21 8,21 L19.1153581,21 C19.6676429,21 20.1153581,21.4477153 20.1153581,22 C20.1153581,22.5522847 19.6676429,23 19.1153581,23 L8,23 Z" fill="#000000" fill-rule="nonzero"></path></g></g></svg></div> <div class="pdl-product-detail_list-tooltip"><p>Add item to shopping list</p> <em></em></div></button></div></div></div> <!----></li> <!----><!----> <!----> <!----> <!----> <li tabindex="-1" data-product-id="141586" class="slot mobile-product-list-cell"><!----> <!----> <!----> <!----> <div class="mobile-product-list-cell_content"><div><!----> <div class="flag_outer-container"><!----> <!----> <!----> <!----></div></div> <div class="mobile-product-list-cell_left"><div><!----> <img src="data:image/svg+xml;base64,PD94bWwgdmVyc2lvbj0iMS4wIiBlbmNvZGluZz0idXRmLTgiPz4KPCEtLSBHZW5lcmF0ZWQgYnkgSWNvTW9vbi5pbyAtLT4KPCFET0NUWVBFIHN2ZyBQVUJMSUMgIi0vL1czQy8vRFREIFNWRyAxLjEvL0VOIiAiaHR0cDovL3d3dy53My5vcmcvR3JhcGhpY3MvU1ZHLzEuMS9EVEQvc3ZnMTEuZHRkIj4KPHN2ZyB2ZXJzaW9uPSIxLjEiIHhtbG5zPSJodHRwOi8vd3d3LnczLm9yZy8yMDAwL3N2ZyIgeG1sbnM6eGxpbms9Imh0dHA6Ly93d3cudzMub3JnLzE5OTkveGxpbmsiIHdpZHRoPSI0OCIgaGVpZ2h0PSI0OCIgdmlld0JveD0iMCAwIDQ4IDQ4Ij4KPGcgaWQ9Imljb21vb24taWdub3JlIj4KCTxsaW5lIHN0cm9rZS13aWR0aD0iMSIgeDE9IiIgeTE9IiIgeDI9IiIgeTI9IiIgc3Ryb2tlPSIjNDQ5RkRCIiBvcGFjaXR5PSIiPjwvbGluZT4KPC9nPgoJPHBhdGggZD0iTTM4LjQ4IDkuMDcwYzAuMjQ4IDAgMC40NSAwLjIwMiAwLjQ1IDAuNDV2MjguOTU5YzAgMC4yNDgtMC4yMDIgMC40NS0wLjQ1IDAuNDVoLTI4Ljk1OWMtMC4yNDggMC0wLjQ1LTAuMjAyLTAuNDUtMC40NXYtMjguOTU5YzAtMC4yNDggMC4yMDItMC40NSAwLjQ1LTAuNDVoMjguOTU5ek0zOC40OCA4aC0yOC45NTljLTAuODQgMC0xLjUyIDAuNjgxLTEuNTIgMS41MjF2MjguOTU5YzAgMC44NCAwLjY4MSAxLjUyMSAxLjUyIDEuNTIxaDI4Ljk1OWMwLjg0IDAgMS41Mi0wLjY4MSAxLjUyLTEuNTIxdi0yOC45NTljMC0wLjg0LTAuNjgxLTEuNTIxLTEuNTItMS41MjF2MHoiIG9wYWNpdHk9IjEiIHZpc2liaWxpdHk9ImZhbHNlIiBmaWxsPSIjZDdkN2Q3Ij48L3BhdGg+Cgk8cGF0aCBkPSJNMTIuMjI4IDM1LjIyNHYtMy4zMjljMC0wLjE0NSAwLjA1OC0wLjI4NSAwLjE2LTAuMzg4bDUuNTg3LTUuNTg3YzAuMjE0LTAuMjE0IDAuNTYxLTAuMjE0IDAuNzc1IDBsMi4xMTkgMi4xMTljMC4yMTQgMC4yMTQgMC41NjEgMC4yMTQgMC43NzUgMGw4LjE5MS04LjE5MmMwLjIxNC0wLjIxNCAwLjU2MS0wLjIxNCAwLjc3NSAwbDUgNWMwLjEwMyAwLjEwMyAwLjE2IDAuMjQyIDAuMTYgMC4zODh2OS45ODhjMCAwLjMwMy0wLjI0NSAwLjU0OC0wLjU0OCAwLjU0OGgtMjIuNDQ3Yy0wLjMwMyAwLTAuNTQ4LTAuMjQ1LTAuNTQ4LTAuNTQ4eiIgb3BhY2l0eT0iMSIgdmlzaWJpbGl0eT0iZmFsc2UiIGZpbGw9IiNkN2Q3ZDciPjwvcGF0aD4KCTxwYXRoIGQ9Ik0yMS41NDQgMTcuOTY3YzAgMS45ODItMS42MDYgMy41ODgtMy41ODggMy41ODhzLTMuNTg4LTEuNjA2LTMuNTg4LTMuNTg4YzAtMS45ODEgMS42MDYtMy41ODggMy41ODgtMy41ODhzMy41ODggMS42MDYgMy41ODggMy41ODh6IiBvcGFjaXR5PSIxIiB2aXNpYmlsaXR5PSJmYWxzZSIgZmlsbD0iI2Q3ZDdkNyI+PC9wYXRoPgo8L3N2Zz4K" alt="Perdue Short Cuts Carved Chicken Breast Grilled Fresh" skeleton-box-size="9rem" class="product-grid-image object-contain"></div></div> <div class="mobile-product-list-cell_info"><div class="product-tile_detail"><div class="skeleton-loader_wrapper cursor-pointer"><div class="product-grid-cell_price-container product-grid-cell_price-container--mobile"><span class="product-grid-cell_main-price"><!---->
    $4.79
  </span> <!----></div> <!----></div> <!----></div> <div class="mobile-product-list-cell_name-content"><div class="skeleton-loader_wrapper"><div class="product-grid-cell_name"><a id="product-name-141586-16760862670854537" href="#" data-opens-modal="true" aria-haspopup="dialog" class="product-grid-cell_name-text product-grid-cell_name-text--clamp-2"><!---->
    Perdue Short Cuts Carved Chicken Breast Grilled Fresh
  </a></div> <!----> <!----></div> <div class="skeleton-loader_wrapper"><div class="product-grid-cell_sizes"><span class="product-grid-cell_size">
    8 OZ BAG
  </span> <span aria-hidden="true">
    |
  </span> <!----> <span class="product-grid-cell_unit">
    $9.58 / LB
  </span></div> <!----></div> <!----> <!----> <!----> <!----> <!----> <!----> <!----></div> <div class="mobile-product-list-cell_bottom"><div class="mobile-product-list-cell_bottom_cart-ui-wrapper"><!----> <!----> <div class="pdl-add-to-cart"><div class="pdl-add-to-cart_button"><button aria-label="Add to cart" data-product-id="141586" data-price="4.79" class="button button--add-to-cart">
      Add to cart
      <!----></button> <!----> <!----> <!----></div> <!----></div></div> <!----></div></div></div> <div class="product-tile_action-items"><!----> <!----> <div class="shopping-list-menu_container"><div class="relative-el"><button aria-label="add to shopping list" class="button pdl-product-detail_top-icon button--fourth pdl-product-detail_top-icon--borderless"><!----> <div class="vector-icon-size--large"><svg xmlns="http://www.w3.org/2000/svg" aria-label="Shopping List Icon Add" viewBox="0 0 32 32" role="presentation" aria-hidden="true" focusable="false" class="vector-icon-color--dark-grey"><title lang="en">Shopping List Icon Add</title><desc></desc><g fill="" stroke=""><g><path d="M21.94066,15.3368884 L21.94066,12.8931995 C21.94066,12.3409148 22.3883752,11.8931995 22.94066,11.8931995 C23.4929447,11.8931995 23.94066,12.3409148 23.94066,12.8931995 L23.94066,15.3368884 L26.2522624,15.3368884 C26.8045471,15.3368884 27.2522624,15.7846037 27.2522624,16.3368884 C27.2522624,16.8891732 26.8045471,17.3368884 26.2522624,17.3368884 L23.94066,17.3368884 L23.94066,19.8787952 C23.94066,20.43108 23.4929447,20.8787952 22.94066,20.8787952 C22.3883752,20.8787952 21.94066,20.43108 21.94066,19.8787952 L21.94066,17.3368884 L19.2666667,17.3368884 C18.7143819,17.3368884 18.2666667,16.8891732 18.2666667,16.3368884 C18.2666667,15.7846037 18.7143819,15.3368884 19.2666667,15.3368884 L21.94066,15.3368884 Z M8,12 C7.44771525,12 7,11.5522847 7,11 C7,10.4477153 7.44771525,10 8,10 L19.1153581,10 C19.6676429,10 20.1153581,10.4477153 20.1153581,11 C20.1153581,11.5522847 19.6676429,12 19.1153581,12 L8,12 Z M8,17.3368884 C7.44771525,17.3368884 7,16.8891732 7,16.3368884 C7,15.7846037 7.44771525,15.3368884 8,15.3368884 L14.7200696,15.3368884 C15.2723543,15.3368884 15.7200696,15.7846037 15.7200696,16.3368884 C15.7200696,16.8891732 15.2723543,17.3368884 14.7200696,17.3368884 L8,17.3368884 Z M8,23 C7.44771525,23 7,22.5522847 7,22 C7,21.4477153 7.44771525,21 8,21 L19.1153581,21 C19.6676429,21 20.1153581,21.4477153 20.1153581,22 C20.1153581,22.5522847 19.6676429,23 19.1153581,23 L8,23 Z" fill="#000000" fill-rule="nonzero"></path></g></g></svg></div> <div class="pdl-product-detail_list-tooltip"><p>Add item to shopping list</p> <em></em></div></button></div></div></div> <!----></li> <!----><!----> <!----> <!----> <!----> <li tabindex="-1" data-product-id="157468" class="slot mobile-product-list-cell"><!----> <!----> <!----> <!----> <div class="mobile-product-list-cell_content"><div><!----> <div class="flag_outer-container"><!----> <!----> <!----> <!----></div></div> <div class="mobile-product-list-cell_left"><div><!----> <img src="data:image/svg+xml;base64,PD94bWwgdmVyc2lvbj0iMS4wIiBlbmNvZGluZz0idXRmLTgiPz4KPCEtLSBHZW5lcmF0ZWQgYnkgSWNvTW9vbi5pbyAtLT4KPCFET0NUWVBFIHN2ZyBQVUJMSUMgIi0vL1czQy8vRFREIFNWRyAxLjEvL0VOIiAiaHR0cDovL3d3dy53My5vcmcvR3JhcGhpY3MvU1ZHLzEuMS9EVEQvc3ZnMTEuZHRkIj4KPHN2ZyB2ZXJzaW9uPSIxLjEiIHhtbG5zPSJodHRwOi8vd3d3LnczLm9yZy8yMDAwL3N2ZyIgeG1sbnM6eGxpbms9Imh0dHA6Ly93d3cudzMub3JnLzE5OTkveGxpbmsiIHdpZHRoPSI0OCIgaGVpZ2h0PSI0OCIgdmlld0JveD0iMCAwIDQ4IDQ4Ij4KPGcgaWQ9Imljb21vb24taWdub3JlIj4KCTxsaW5lIHN0cm9rZS13aWR0aD0iMSIgeDE9IiIgeTE9IiIgeDI9IiIgeTI9IiIgc3Ryb2tlPSIjNDQ5RkRCIiBvcGFjaXR5PSIiPjwvbGluZT4KPC9nPgoJPHBhdGggZD0iTTM4LjQ4IDkuMDcwYzAuMjQ4IDAgMC40NSAwLjIwMiAwLjQ1IDAuNDV2MjguOTU5YzAgMC4yNDgtMC4yMDIgMC40NS0wLjQ1IDAuNDVoLTI4Ljk1OWMtMC4yNDggMC0wLjQ1LTAuMjAyLTAuNDUtMC40NXYtMjguOTU5YzAtMC4yNDggMC4yMDItMC40NSAwLjQ1LTAuNDVoMjguOTU5ek0zOC40OCA4aC0yOC45NTljLTAuODQgMC0xLjUyIDAuNjgxLTEuNTIgMS41MjF2MjguOTU5YzAgMC44NCAwLjY4MSAxLjUyMSAxLjUyIDEuNTIxaDI4Ljk1OWMwLjg0IDAgMS41Mi0wLjY4MSAxLjUyLTEuNTIxdi0yOC45NTljMC0wLjg0LTAuNjgxLTEuNTIxLTEuNTItMS41MjF2MHoiIG9wYWNpdHk9IjEiIHZpc2liaWxpdHk9ImZhbHNlIiBmaWxsPSIjZDdkN2Q3Ij48L3BhdGg+Cgk8cGF0aCBkPSJNMTIuMjI4IDM1LjIyNHYtMy4zMjljMC0wLjE0NSAwLjA1OC0wLjI4NSAwLjE2LTAuMzg4bDUuNTg3LTUuNTg3YzAuMjE0LTAuMjE0IDAuNTYxLTAuMjE0IDAuNzc1IDBsMi4xMTkgMi4xMTljMC4yMTQgMC4yMTQgMC41NjEgMC4yMTQgMC43NzUgMGw4LjE5MS04LjE5MmMwLjIxNC0wLjIxNCAwLjU2MS0wLjIxNCAwLjc3NSAwbDUgNWMwLjEwMyAwLjEwMyAwLjE2IDAuMjQyIDAuMTYgMC4zODh2OS45ODhjMCAwLjMwMy0wLjI0NSAwLjU0OC0wLjU0OCAwLjU0OGgtMjIuNDQ3Yy0wLjMwMyAwLTAuNTQ4LTAuMjQ1LTAuNTQ4LTAuNTQ4eiIgb3BhY2l0eT0iMSIgdmlzaWJpbGl0eT0iZmFsc2UiIGZpbGw9IiNkN2Q3ZDciPjwvcGF0aD4KCTxwYXRoIGQ9Ik0yMS41NDQgMTcuOTY3YzAgMS45ODItMS42MDYgMy41ODgtMy41ODggMy41ODhzLTMuNTg4LTEuNjA2LTMuNTg4LTMuNTg4YzAtMS45ODEgMS42MDYtMy41ODggMy41ODgtMy41ODhzMy41ODggMS42MDYgMy41ODggMy41ODh6IiBvcGFjaXR5PSIxIiB2aXNpYmlsaXR5PSJmYWxzZSIgZmlsbD0iI2Q3ZDdkNyI+PC9wYXRoPgo8L3N2Zz4K" alt="Sunset Tomatoes One Sweet" skeleton-box-size="9rem" class="product-grid-image object-contain"></div></div> <div class="mobile-product-list-cell_info"><div class="product-tile_detail"><div class="skeleton-loader_wrapper cursor-pointer"><div class="product-grid-cell_price-container product-grid-cell_price-container--mobile"><span class="product-grid-cell_main-price"><!---->
    $3.49
  </span> <!----></div> <!----></div> <!----></div> <div class="mobile-product-list-cell_name-content"><div class="skeleton-loader_wrapper"><div class="product-grid-cell_name"><a id="product-name-157468-16760862670873383" href="#" data-opens-modal="true" aria-haspopup="dialog" class="product-grid-cell_name-text product-grid-cell_name-text--clamp-2"><!---->
    Sunset Tomatoes One Sweet
  </a></div> <!----> <!----></div> <div class="skeleton-loader_wrapper"><div class="product-grid-cell_sizes"><span class="product-grid-cell_size">
    1 PINT
  </span> <span aria-hidden="true">
    |
  </span> <!----> <span class="product-grid-cell_unit">
    $0.33 / OZ
  </span></div> <!----></div> <!----> <!----> <!----> <!----> <!----> <!----> <!----></div> <div class="mobile-product-list-cell_bottom"><div class="mobile-product-list-cell_bottom_cart-ui-wrapper"><!----> <!----> <div class="pdl-add-to-cart"><div class="pdl-add-to-cart_button"><button aria-label="Add to cart" data-product-id="157468" data-price="3.49" class="button button--add-to-cart">
      Add to cart
      <!----></button> <!----> <!----> <!----></div> <!----></div></div> <!----></div></div></div> <div class="product-tile_action-items"><!----> <!----> <div class="shopping-list-menu_container"><div class="relative-el"><button aria-label="add to shopping list" class="button pdl-product-detail_top-icon button--fourth pdl-product-detail_top-icon--borderless"><!----> <div class="vector-icon-size--large"><svg xmlns="http://www.w3.org/2000/svg" aria-label="Shopping List Icon Add" viewBox="0 0 32 32" role="presentation" aria-hidden="true" focusable="false" class="vector-icon-color--dark-grey"><title lang="en">Shopping List Icon Add</title><desc></desc><g fill="" stroke=""><g><path d="M21.94066,15.3368884 L21.94066,12.8931995 C21.94066,12.3409148 22.3883752,11.8931995 22.94066,11.8931995 C23.4929447,11.8931995 23.94066,12.3409148 23.94066,12.8931995 L23.94066,15.3368884 L26.2522624,15.3368884 C26.8045471,15.3368884 27.2522624,15.7846037 27.2522624,16.3368884 C27.2522624,16.8891732 26.8045471,17.3368884 26.2522624,17.3368884 L23.94066,17.3368884 L23.94066,19.8787952 C23.94066,20.43108 23.4929447,20.8787952 22.94066,20.8787952 C22.3883752,20.8787952 21.94066,20.43108 21.94066,19.8787952 L21.94066,17.3368884 L19.2666667,17.3368884 C18.7143819,17.3368884 18.2666667,16.8891732 18.2666667,16.3368884 C18.2666667,15.7846037 18.7143819,15.3368884 19.2666667,15.3368884 L21.94066,15.3368884 Z M8,12 C7.44771525,12 7,11.5522847 7,11 C7,10.4477153 7.44771525,10 8,10 L19.1153581,10 C19.6676429,10 20.1153581,10.4477153 20.1153581,11 C20.1153581,11.5522847 19.6676429,12 19.1153581,12 L8,12 Z M8,17.3368884 C7.44771525,17.3368884 7,16.8891732 7,16.3368884 C7,15.7846037 7.44771525,15.3368884 8,15.3368884 L14.7200696,15.3368884 C15.2723543,15.3368884 15.7200696,15.7846037 15.7200696,16.3368884 C15.7200696,16.8891732 15.2723543,17.3368884 14.7200696,17.3368884 L8,17.3368884 Z M8,23 C7.44771525,23 7,22.5522847 7,22 C7,21.4477153 7.44771525,21 8,21 L19.1153581,21 C19.6676429,21 20.1153581,21.4477153 20.1153581,22 C20.1153581,22.5522847 19.6676429,23 19.1153581,23 L8,23 Z" fill="#000000" fill-rule="nonzero"></path></g></g></svg></div> <div class="pdl-product-detail_list-tooltip"><p>Add item to shopping list</p> <em></em></div></button></div></div></div> <!----></li> <!----><!----> <!----> <!----> <!----> <li tabindex="-1" data-product-id="129367" class="slot mobile-product-list-cell"><!----> <!----> <!----> <!----> <div class="mobile-product-list-cell_content"><div><!----> <div class="flag_outer-container"><div class=""><svg xmlns="http://www.w3.org/2000/svg" aria-label="Sale" viewBox="0 0 32 32" role="presentation" aria-hidden="true" focusable="false" class="w-20 ml-3"><title lang="en">Sale</title><desc></desc><g fill="" stroke=""><g><path d="M16.56 19.87a3.81 3.81 0 0 1-1-.13l-13.39-3.5a1.5 1.5 0 0 1-1.12-1.34l-.81-11a1.52 1.52 0 0 1 1.39-1.61l27.69-2h.11a1.51 1.51 0 0 1 1.5 1.4l.82 11a1.52 1.52 0 0 1-.91 1.5l-12.72 5.36a3.79 3.79 0 0 1-1.56.32Z" fill="#ed1256"></path><path fill="#fff" d="M29.43.48a1.26 1.26 0 0 1 1.26 1.17l.82 11a1.27 1.27 0 0 1-.76 1.26L18 19.34a3.72 3.72 0 0 1-1.47.3 3.79 3.79 0 0 1-.94-.12L2.24 16a1.27 1.27 0 0 1-1-1.13l-.81-11a1.26 1.26 0 0 1 1.22-1.33L29.34.48h.09m0-.48h-.13L1.62 2A1.76 1.76 0 0 0 0 3.92l.82 11a1.73 1.73 0 0 0 1.3 1.55L15.5 20a4.3 4.3 0 0 0 1.07.14 4.24 4.24 0 0 0 1.65-.34l12.72-5.44A1.76 1.76 0 0 0 32 12.59l-.82-11A1.76 1.76 0 0 0 29.43 0Z"></path><path fill="#fff" d="M3.74 9.87a3 3 0 0 0 .82.55 2.21 2.21 0 0 0 1.08.19 1.6 1.6 0 0 0 .29 0 1 1 0 0 0 .26-.12.58.58 0 0 0 .18-.2.62.62 0 0 0 0-.31.59.59 0 0 0-.32-.49 3.38 3.38 0 0 0-.85-.34L4.84 9a4.19 4.19 0 0 1-.69-.26 2.44 2.44 0 0 1-.63-.41 1.92 1.92 0 0 1-.7-1.42 2.68 2.68 0 0 1 .1-1A2.2 2.2 0 0 1 3.39 5a2.42 2.42 0 0 1 .82-.6 3.15 3.15 0 0 1 1.17-.28 3.68 3.68 0 0 1 1.72.24 3 3 0 0 1 .57.29A2.66 2.66 0 0 1 8 5l-.82 1.37a4.42 4.42 0 0 0-.82-.45 2 2 0 0 0-.85-.13 1.4 1.4 0 0 0-.28.06A.9.9 0 0 0 5 6a.62.62 0 0 0-.16.2.5.5 0 0 0 0 .28.6.6 0 0 0 .1.31.68.68 0 0 0 .24.2 1.27 1.27 0 0 0 .35.15l.43.13.35.09a7.49 7.49 0 0 1 .69.22 2.2 2.2 0 0 1 .72.42 2.46 2.46 0 0 1 .54.68 2.31 2.31 0 0 1 .27 1 2.15 2.15 0 0 1-.15 1 2.53 2.53 0 0 1-.56.84 2.77 2.77 0 0 1-.88.59 4 4 0 0 1-1.11.27A4.67 4.67 0 0 1 4 12.25a3.79 3.79 0 0 1-1.28-.75ZM11.29 3.89l2.17-.16 3.1 7.7-2 .15L14 10l-2.39.18-.35 1.67-2 .14Zm2.15 4.6-1-2.84-.61 2.95ZM17 3.47l1.89-.14.44 6 3.3-.25.16 1.92-5.19.39ZM23.36 3l5.13-.38.13 1.8-3.24.24.09 1.22 2.66-.2.12 1.7-2.65.2.09 1.35 3.46-.26.13 1.81-5.34.4Z"></path></g></g></svg></div> <!----> <!----> <!----></div></div> <div class="mobile-product-list-cell_left"><div><!----> <img src="data:image/svg+xml;base64,PD94bWwgdmVyc2lvbj0iMS4wIiBlbmNvZGluZz0idXRmLTgiPz4KPCEtLSBHZW5lcmF0ZWQgYnkgSWNvTW9vbi5pbyAtLT4KPCFET0NUWVBFIHN2ZyBQVUJMSUMgIi0vL1czQy8vRFREIFNWRyAxLjEvL0VOIiAiaHR0cDovL3d3dy53My5vcmcvR3JhcGhpY3MvU1ZHLzEuMS9EVEQvc3ZnMTEuZHRkIj4KPHN2ZyB2ZXJzaW9uPSIxLjEiIHhtbG5zPSJodHRwOi8vd3d3LnczLm9yZy8yMDAwL3N2ZyIgeG1sbnM6eGxpbms9Imh0dHA6Ly93d3cudzMub3JnLzE5OTkveGxpbmsiIHdpZHRoPSI0OCIgaGVpZ2h0PSI0OCIgdmlld0JveD0iMCAwIDQ4IDQ4Ij4KPGcgaWQ9Imljb21vb24taWdub3JlIj4KCTxsaW5lIHN0cm9rZS13aWR0aD0iMSIgeDE9IiIgeTE9IiIgeDI9IiIgeTI9IiIgc3Ryb2tlPSIjNDQ5RkRCIiBvcGFjaXR5PSIiPjwvbGluZT4KPC9nPgoJPHBhdGggZD0iTTM4LjQ4IDkuMDcwYzAuMjQ4IDAgMC40NSAwLjIwMiAwLjQ1IDAuNDV2MjguOTU5YzAgMC4yNDgtMC4yMDIgMC40NS0wLjQ1IDAuNDVoLTI4Ljk1OWMtMC4yNDggMC0wLjQ1LTAuMjAyLTAuNDUtMC40NXYtMjguOTU5YzAtMC4yNDggMC4yMDItMC40NSAwLjQ1LTAuNDVoMjguOTU5ek0zOC40OCA4aC0yOC45NTljLTAuODQgMC0xLjUyIDAuNjgxLTEuNTIgMS41MjF2MjguOTU5YzAgMC44NCAwLjY4MSAxLjUyMSAxLjUyIDEuNTIxaDI4Ljk1OWMwLjg0IDAgMS41Mi0wLjY4MSAxLjUyLTEuNTIxdi0yOC45NTljMC0wLjg0LTAuNjgxLTEuNTIxLTEuNTItMS41MjF2MHoiIG9wYWNpdHk9IjEiIHZpc2liaWxpdHk9ImZhbHNlIiBmaWxsPSIjZDdkN2Q3Ij48L3BhdGg+Cgk8cGF0aCBkPSJNMTIuMjI4IDM1LjIyNHYtMy4zMjljMC0wLjE0NSAwLjA1OC0wLjI4NSAwLjE2LTAuMzg4bDUuNTg3LTUuNTg3YzAuMjE0LTAuMjE0IDAuNTYxLTAuMjE0IDAuNzc1IDBsMi4xMTkgMi4xMTljMC4yMTQgMC4yMTQgMC41NjEgMC4yMTQgMC43NzUgMGw4LjE5MS04LjE5MmMwLjIxNC0wLjIxNCAwLjU2MS0wLjIxNCAwLjc3NSAwbDUgNWMwLjEwMyAwLjEwMyAwLjE2IDAuMjQyIDAuMTYgMC4zODh2OS45ODhjMCAwLjMwMy0wLjI0NSAwLjU0OC0wLjU0OCAwLjU0OGgtMjIuNDQ3Yy0wLjMwMyAwLTAuNTQ4LTAuMjQ1LTAuNTQ4LTAuNTQ4eiIgb3BhY2l0eT0iMSIgdmlzaWJpbGl0eT0iZmFsc2UiIGZpbGw9IiNkN2Q3ZDciPjwvcGF0aD4KCTxwYXRoIGQ9Ik0yMS41NDQgMTcuOTY3YzAgMS45ODItMS42MDYgMy41ODgtMy41ODggMy41ODhzLTMuNTg4LTEuNjA2LTMuNTg4LTMuNTg4YzAtMS45ODEgMS42MDYtMy41ODggMy41ODgtMy41ODhzMy41ODggMS42MDYgMy41ODggMy41ODh6IiBvcGFjaXR5PSIxIiB2aXNpYmlsaXR5PSJmYWxzZSIgZmlsbD0iI2Q3ZDdkNyI+PC9wYXRoPgo8L3N2Zz4K" alt="Poland 100% Natural Spring Water - 12 pk" skeleton-box-size="9rem" class="product-grid-image object-contain"></div></div> <div class="mobile-product-list-cell_info"><div class="product-tile_detail"><div class="skeleton-loader_wrapper cursor-pointer"><div class="product-grid-cell_price-container product-grid-cell_price-container_column product-grid-cell_price-container--mobile"><span class="product-grid-cell_main-price product-grid-cell_main-price--on-sale"><span class="sr-only">
      Sale Price
    </span>
    $3.00
  </span> <div class="product-grid-cell_was-container"><span class="product-grid-cell_regular-price product-grid-cell_regular-price--small"><span class="sr-only">
        Original Price
      </span>
      $3.49
    </span></div></div> <!----></div> <!----></div> <div class="mobile-product-list-cell_name-content"><div class="skeleton-loader_wrapper"><div class="product-grid-cell_name"><a id="product-name-129367-16760862670894292" href="#" data-opens-modal="true" aria-haspopup="dialog" class="product-grid-cell_name-text product-grid-cell_name-text--clamp-2"><!---->
    Poland 100% Natural Spring Water - 12 pk
  </a></div> <!----> <!----></div> <div class="skeleton-loader_wrapper"><div class="product-grid-cell_sizes"><span class="product-grid-cell_size">
    8 OZ BTL
  </span> <span aria-hidden="true">
    |
  </span> <!----> <span class="product-grid-cell_unit">
    $0.03 / OZ
  </span></div> <!----></div> <!----> <!----> <!----> <!----> <!----> <!----> <!----></div> <div class="mobile-product-list-cell_bottom"><div class="mobile-product-list-cell_bottom_cart-ui-wrapper"><!----> <!----> <div class="pdl-add-to-cart"><div class="pdl-add-to-cart_button"><button aria-label="Add to cart" data-product-id="129367" data-price="3" class="button button--add-to-cart add-sale">
      Add to cart
      <!----></button> <!----> <!----> <!----></div> <!----></div></div> <!----></div></div></div> <div class="product-tile_action-items"><!----> <!----> <div class="shopping-list-menu_container"><div class="relative-el"><button aria-label="add to shopping list" class="button pdl-product-detail_top-icon button--fourth pdl-product-detail_top-icon--borderless"><!----> <div class="vector-icon-size--large"><svg xmlns="http://www.w3.org/2000/svg" aria-label="Shopping List Icon Add" viewBox="0 0 32 32" role="presentation" aria-hidden="true" focusable="false" class="vector-icon-color--dark-grey"><title lang="en">Shopping List Icon Add</title><desc></desc><g fill="" stroke=""><g><path d="M21.94066,15.3368884 L21.94066,12.8931995 C21.94066,12.3409148 22.3883752,11.8931995 22.94066,11.8931995 C23.4929447,11.8931995 23.94066,12.3409148 23.94066,12.8931995 L23.94066,15.3368884 L26.2522624,15.3368884 C26.8045471,15.3368884 27.2522624,15.7846037 27.2522624,16.3368884 C27.2522624,16.8891732 26.8045471,17.3368884 26.2522624,17.3368884 L23.94066,17.3368884 L23.94066,19.8787952 C23.94066,20.43108 23.4929447,20.8787952 22.94066,20.8787952 C22.3883752,20.8787952 21.94066,20.43108 21.94066,19.8787952 L21.94066,17.3368884 L19.2666667,17.3368884 C18.7143819,17.3368884 18.2666667,16.8891732 18.2666667,16.3368884 C18.2666667,15.7846037 18.7143819,15.3368884 19.2666667,15.3368884 L21.94066,15.3368884 Z M8,12 C7.44771525,12 7,11.5522847 7,11 C7,10.4477153 7.44771525,10 8,10 L19.1153581,10 C19.6676429,10 20.1153581,10.4477153 20.1153581,11 C20.1153581,11.5522847 19.6676429,12 19.1153581,12 L8,12 Z M8,17.3368884 C7.44771525,17.3368884 7,16.8891732 7,16.3368884 C7,15.7846037 7.44771525,15.3368884 8,15.3368884 L14.7200696,15.3368884 C15.2723543,15.3368884 15.7200696,15.7846037 15.7200696,16.3368884 C15.7200696,16.8891732 15.2723543,17.3368884 14.7200696,17.3368884 L8,17.3368884 Z M8,23 C7.44771525,23 7,22.5522847 7,22 C7,21.4477153 7.44771525,21 8,21 L19.1153581,21 C19.6676429,21 20.1153581,21.4477153 20.1153581,22 C20.1153581,22.5522847 19.6676429,23 19.1153581,23 L8,23 Z" fill="#000000" fill-rule="nonzero"></path></g></g></svg></div> <div class="pdl-product-detail_list-tooltip"><p>Add item to shopping list</p> <em></em></div></button></div></div></div> <!----></li> <!----><!----> <!----> <!----> <!----> <li tabindex="-1" data-product-id="195182" class="slot mobile-product-list-cell"><!----> <!----> <!----> <!----> <div class="mobile-product-list-cell_content"><div><!----> <div class="flag_outer-container"><div class=""><svg xmlns="http://www.w3.org/2000/svg" aria-label="Sale" viewBox="0 0 32 32" role="presentation" aria-hidden="true" focusable="false" class="w-20 ml-3"><title lang="en">Sale</title><desc></desc><g fill="" stroke=""><g><path d="M16.56 19.87a3.81 3.81 0 0 1-1-.13l-13.39-3.5a1.5 1.5 0 0 1-1.12-1.34l-.81-11a1.52 1.52 0 0 1 1.39-1.61l27.69-2h.11a1.51 1.51 0 0 1 1.5 1.4l.82 11a1.52 1.52 0 0 1-.91 1.5l-12.72 5.36a3.79 3.79 0 0 1-1.56.32Z" fill="#ed1256"></path><path fill="#fff" d="M29.43.48a1.26 1.26 0 0 1 1.26 1.17l.82 11a1.27 1.27 0 0 1-.76 1.26L18 19.34a3.72 3.72 0 0 1-1.47.3 3.79 3.79 0 0 1-.94-.12L2.24 16a1.27 1.27 0 0 1-1-1.13l-.81-11a1.26 1.26 0 0 1 1.22-1.33L29.34.48h.09m0-.48h-.13L1.62 2A1.76 1.76 0 0 0 0 3.92l.82 11a1.73 1.73 0 0 0 1.3 1.55L15.5 20a4.3 4.3 0 0 0 1.07.14 4.24 4.24 0 0 0 1.65-.34l12.72-5.44A1.76 1.76 0 0 0 32 12.59l-.82-11A1.76 1.76 0 0 0 29.43 0Z"></path><path fill="#fff" d="M3.74 9.87a3 3 0 0 0 .82.55 2.21 2.21 0 0 0 1.08.19 1.6 1.6 0 0 0 .29 0 1 1 0 0 0 .26-.12.58.58 0 0 0 .18-.2.62.62 0 0 0 0-.31.59.59 0 0 0-.32-.49 3.38 3.38 0 0 0-.85-.34L4.84 9a4.19 4.19 0 0 1-.69-.26 2.44 2.44 0 0 1-.63-.41 1.92 1.92 0 0 1-.7-1.42 2.68 2.68 0 0 1 .1-1A2.2 2.2 0 0 1 3.39 5a2.42 2.42 0 0 1 .82-.6 3.15 3.15 0 0 1 1.17-.28 3.68 3.68 0 0 1 1.72.24 3 3 0 0 1 .57.29A2.66 2.66 0 0 1 8 5l-.82 1.37a4.42 4.42 0 0 0-.82-.45 2 2 0 0 0-.85-.13 1.4 1.4 0 0 0-.28.06A.9.9 0 0 0 5 6a.62.62 0 0 0-.16.2.5.5 0 0 0 0 .28.6.6 0 0 0 .1.31.68.68 0 0 0 .24.2 1.27 1.27 0 0 0 .35.15l.43.13.35.09a7.49 7.49 0 0 1 .69.22 2.2 2.2 0 0 1 .72.42 2.46 2.46 0 0 1 .54.68 2.31 2.31 0 0 1 .27 1 2.15 2.15 0 0 1-.15 1 2.53 2.53 0 0 1-.56.84 2.77 2.77 0 0 1-.88.59 4 4 0 0 1-1.11.27A4.67 4.67 0 0 1 4 12.25a3.79 3.79 0 0 1-1.28-.75ZM11.29 3.89l2.17-.16 3.1 7.7-2 .15L14 10l-2.39.18-.35 1.67-2 .14Zm2.15 4.6-1-2.84-.61 2.95ZM17 3.47l1.89-.14.44 6 3.3-.25.16 1.92-5.19.39ZM23.36 3l5.13-.38.13 1.8-3.24.24.09 1.22 2.66-.2.12 1.7-2.65.2.09 1.35 3.46-.26.13 1.81-5.34.4Z"></path></g></g></svg></div> <!----> <!----> <!----></div></div> <div class="mobile-product-list-cell_left"><div><!----> <img src="data:image/svg+xml;base64,PD94bWwgdmVyc2lvbj0iMS4wIiBlbmNvZGluZz0idXRmLTgiPz4KPCEtLSBHZW5lcmF0ZWQgYnkgSWNvTW9vbi5pbyAtLT4KPCFET0NUWVBFIHN2ZyBQVUJMSUMgIi0vL1czQy8vRFREIFNWRyAxLjEvL0VOIiAiaHR0cDovL3d3dy53My5vcmcvR3JhcGhpY3MvU1ZHLzEuMS9EVEQvc3ZnMTEuZHRkIj4KPHN2ZyB2ZXJzaW9uPSIxLjEiIHhtbG5zPSJodHRwOi8vd3d3LnczLm9yZy8yMDAwL3N2ZyIgeG1sbnM6eGxpbms9Imh0dHA6Ly93d3cudzMub3JnLzE5OTkveGxpbmsiIHdpZHRoPSI0OCIgaGVpZ2h0PSI0OCIgdmlld0JveD0iMCAwIDQ4IDQ4Ij4KPGcgaWQ9Imljb21vb24taWdub3JlIj4KCTxsaW5lIHN0cm9rZS13aWR0aD0iMSIgeDE9IiIgeTE9IiIgeDI9IiIgeTI9IiIgc3Ryb2tlPSIjNDQ5RkRCIiBvcGFjaXR5PSIiPjwvbGluZT4KPC9nPgoJPHBhdGggZD0iTTM4LjQ4IDkuMDcwYzAuMjQ4IDAgMC40NSAwLjIwMiAwLjQ1IDAuNDV2MjguOTU5YzAgMC4yNDgtMC4yMDIgMC40NS0wLjQ1IDAuNDVoLTI4Ljk1OWMtMC4yNDggMC0wLjQ1LTAuMjAyLTAuNDUtMC40NXYtMjguOTU5YzAtMC4yNDggMC4yMDItMC40NSAwLjQ1LTAuNDVoMjguOTU5ek0zOC40OCA4aC0yOC45NTljLTAuODQgMC0xLjUyIDAuNjgxLTEuNTIgMS41MjF2MjguOTU5YzAgMC44NCAwLjY4MSAxLjUyMSAxLjUyIDEuNTIxaDI4Ljk1OWMwLjg0IDAgMS41Mi0wLjY4MSAxLjUyLTEuNTIxdi0yOC45NTljMC0wLjg0LTAuNjgxLTEuNTIxLTEuNTItMS41MjF2MHoiIG9wYWNpdHk9IjEiIHZpc2liaWxpdHk9ImZhbHNlIiBmaWxsPSIjZDdkN2Q3Ij48L3BhdGg+Cgk8cGF0aCBkPSJNMTIuMjI4IDM1LjIyNHYtMy4zMjljMC0wLjE0NSAwLjA1OC0wLjI4NSAwLjE2LTAuMzg4bDUuNTg3LTUuNTg3YzAuMjE0LTAuMjE0IDAuNTYxLTAuMjE0IDAuNzc1IDBsMi4xMTkgMi4xMTljMC4yMTQgMC4yMTQgMC41NjEgMC4yMTQgMC43NzUgMGw4LjE5MS04LjE5MmMwLjIxNC0wLjIxNCAwLjU2MS0wLjIxNCAwLjc3NSAwbDUgNWMwLjEwMyAwLjEwMyAwLjE2IDAuMjQyIDAuMTYgMC4zODh2OS45ODhjMCAwLjMwMy0wLjI0NSAwLjU0OC0wLjU0OCAwLjU0OGgtMjIuNDQ3Yy0wLjMwMyAwLTAuNTQ4LTAuMjQ1LTAuNTQ4LTAuNTQ4eiIgb3BhY2l0eT0iMSIgdmlzaWJpbGl0eT0iZmFsc2UiIGZpbGw9IiNkN2Q3ZDciPjwvcGF0aD4KCTxwYXRoIGQ9Ik0yMS41NDQgMTcuOTY3YzAgMS45ODItMS42MDYgMy41ODgtMy41ODggMy41ODhzLTMuNTg4LTEuNjA2LTMuNTg4LTMuNTg4YzAtMS45ODEgMS42MDYtMy41ODggMy41ODgtMy41ODhzMy41ODggMS42MDYgMy41ODggMy41ODh6IiBvcGFjaXR5PSIxIiB2aXNpYmlsaXR5PSJmYWxzZSIgZmlsbD0iI2Q3ZDdkNyI+PC9wYXRoPgo8L3N2Zz4K" alt="Land O Lakes Deli American Cheese Product White Less Sodium (Reg Sliced)" skeleton-box-size="9rem" class="product-grid-image object-contain"></div></div> <div class="mobile-product-list-cell_info"><div class="product-tile_detail"><div class="skeleton-loader_wrapper cursor-pointer"><div class="product-grid-cell_price-container product-grid-cell_price-container_column product-grid-cell_price-container--mobile"><span class="product-grid-cell_main-price product-grid-cell_main-price--on-sale"><span class="sr-only">
      Sale Price
    </span>
    $2.50
  </span> <div class="product-grid-cell_was-container"><span class="product-grid-cell_regular-price product-grid-cell_regular-price--small"><span class="sr-only">
        Original Price
      </span>
      $3.75
    </span></div></div> <!----></div> <!----></div> <div class="mobile-product-list-cell_name-content"><div class="skeleton-loader_wrapper"><div class="product-grid-cell_name"><a id="product-name-195182-16760862670911893" href="#" data-opens-modal="true" aria-haspopup="dialog" class="product-grid-cell_name-text product-grid-cell_name-text--clamp-2"><!---->
    Land O Lakes Deli American Cheese Product White Less Sodium (Reg Sliced)
  </a></div> <!----> <!----></div> <div class="skeleton-loader_wrapper"><div class="product-grid-cell_sizes"><span class="product-grid-cell_size">
    APX 1/2 LB
  </span> <span aria-hidden="true">
    |
  </span> <!----> <span class="product-grid-cell_unit">
    $4.99 / LB
  </span></div> <!----></div> <!----> <!----> <!----> <!----> <!----> <!----> <!----></div> <div class="mobile-product-list-cell_bottom"><div class="mobile-product-list-cell_bottom_cart-ui-wrapper"><!----> <!----> <div class="pdl-add-to-cart"><div class="pdl-add-to-cart_button"><button aria-label="Add to cart" data-product-id="195182" data-price="2.5" class="button button--add-to-cart add-sale">
      Add to cart
      <!----></button> <!----> <!----> <!----></div> <!----></div></div> <!----></div></div></div> <div class="product-tile_action-items"><!----> <!----> <div class="shopping-list-menu_container"><div class="relative-el"><button aria-label="add to shopping list" class="button pdl-product-detail_top-icon button--fourth pdl-product-detail_top-icon--borderless"><!----> <div class="vector-icon-size--large"><svg xmlns="http://www.w3.org/2000/svg" aria-label="Shopping List Icon Add" viewBox="0 0 32 32" role="presentation" aria-hidden="true" focusable="false" class="vector-icon-color--dark-grey"><title lang="en">Shopping List Icon Add</title><desc></desc><g fill="" stroke=""><g><path d="M21.94066,15.3368884 L21.94066,12.8931995 C21.94066,12.3409148 22.3883752,11.8931995 22.94066,11.8931995 C23.4929447,11.8931995 23.94066,12.3409148 23.94066,12.8931995 L23.94066,15.3368884 L26.2522624,15.3368884 C26.8045471,15.3368884 27.2522624,15.7846037 27.2522624,16.3368884 C27.2522624,16.8891732 26.8045471,17.3368884 26.2522624,17.3368884 L23.94066,17.3368884 L23.94066,19.8787952 C23.94066,20.43108 23.4929447,20.8787952 22.94066,20.8787952 C22.3883752,20.8787952 21.94066,20.43108 21.94066,19.8787952 L21.94066,17.3368884 L19.2666667,17.3368884 C18.7143819,17.3368884 18.2666667,16.8891732 18.2666667,16.3368884 C18.2666667,15.7846037 18.7143819,15.3368884 19.2666667,15.3368884 L21.94066,15.3368884 Z M8,12 C7.44771525,12 7,11.5522847 7,11 C7,10.4477153 7.44771525,10 8,10 L19.1153581,10 C19.6676429,10 20.1153581,10.4477153 20.1153581,11 C20.1153581,11.5522847 19.6676429,12 19.1153581,12 L8,12 Z M8,17.3368884 C7.44771525,17.3368884 7,16.8891732 7,16.3368884 C7,15.7846037 7.44771525,15.3368884 8,15.3368884 L14.7200696,15.3368884 C15.2723543,15.3368884 15.7200696,15.7846037 15.7200696,16.3368884 C15.7200696,16.8891732 15.2723543,17.3368884 14.7200696,17.3368884 L8,17.3368884 Z M8,23 C7.44771525,23 7,22.5522847 7,22 C7,21.4477153 7.44771525,21 8,21 L19.1153581,21 C19.6676429,21 20.1153581,21.4477153 20.1153581,22 C20.1153581,22.5522847 19.6676429,23 19.1153581,23 L8,23 Z" fill="#000000" fill-rule="nonzero"></path></g></g></svg></div> <div class="pdl-product-detail_list-tooltip"><p>Add item to shopping list</p> <em></em></div></button></div></div></div> <!----></li> <!----><!----> <!----> <!----> <!----> <li tabindex="-1" data-product-id="92759" class="slot mobile-product-list-cell"><!----> <!----> <!----> <!----> <div class="mobile-product-list-cell_content"><div><!----> <div class="flag_outer-container"><div class=""><svg xmlns="http://www.w3.org/2000/svg" aria-label="Sale" viewBox="0 0 32 32" role="presentation" aria-hidden="true" focusable="false" class="w-20 ml-3"><title lang="en">Sale</title><desc></desc><g fill="" stroke=""><g><path d="M16.56 19.87a3.81 3.81 0 0 1-1-.13l-13.39-3.5a1.5 1.5 0 0 1-1.12-1.34l-.81-11a1.52 1.52 0 0 1 1.39-1.61l27.69-2h.11a1.51 1.51 0 0 1 1.5 1.4l.82 11a1.52 1.52 0 0 1-.91 1.5l-12.72 5.36a3.79 3.79 0 0 1-1.56.32Z" fill="#ed1256"></path><path fill="#fff" d="M29.43.48a1.26 1.26 0 0 1 1.26 1.17l.82 11a1.27 1.27 0 0 1-.76 1.26L18 19.34a3.72 3.72 0 0 1-1.47.3 3.79 3.79 0 0 1-.94-.12L2.24 16a1.27 1.27 0 0 1-1-1.13l-.81-11a1.26 1.26 0 0 1 1.22-1.33L29.34.48h.09m0-.48h-.13L1.62 2A1.76 1.76 0 0 0 0 3.92l.82 11a1.73 1.73 0 0 0 1.3 1.55L15.5 20a4.3 4.3 0 0 0 1.07.14 4.24 4.24 0 0 0 1.65-.34l12.72-5.44A1.76 1.76 0 0 0 32 12.59l-.82-11A1.76 1.76 0 0 0 29.43 0Z"></path><path fill="#fff" d="M3.74 9.87a3 3 0 0 0 .82.55 2.21 2.21 0 0 0 1.08.19 1.6 1.6 0 0 0 .29 0 1 1 0 0 0 .26-.12.58.58 0 0 0 .18-.2.62.62 0 0 0 0-.31.59.59 0 0 0-.32-.49 3.38 3.38 0 0 0-.85-.34L4.84 9a4.19 4.19 0 0 1-.69-.26 2.44 2.44 0 0 1-.63-.41 1.92 1.92 0 0 1-.7-1.42 2.68 2.68 0 0 1 .1-1A2.2 2.2 0 0 1 3.39 5a2.42 2.42 0 0 1 .82-.6 3.15 3.15 0 0 1 1.17-.28 3.68 3.68 0 0 1 1.72.24 3 3 0 0 1 .57.29A2.66 2.66 0 0 1 8 5l-.82 1.37a4.42 4.42 0 0 0-.82-.45 2 2 0 0 0-.85-.13 1.4 1.4 0 0 0-.28.06A.9.9 0 0 0 5 6a.62.62 0 0 0-.16.2.5.5 0 0 0 0 .28.6.6 0 0 0 .1.31.68.68 0 0 0 .24.2 1.27 1.27 0 0 0 .35.15l.43.13.35.09a7.49 7.49 0 0 1 .69.22 2.2 2.2 0 0 1 .72.42 2.46 2.46 0 0 1 .54.68 2.31 2.31 0 0 1 .27 1 2.15 2.15 0 0 1-.15 1 2.53 2.53 0 0 1-.56.84 2.77 2.77 0 0 1-.88.59 4 4 0 0 1-1.11.27A4.67 4.67 0 0 1 4 12.25a3.79 3.79 0 0 1-1.28-.75ZM11.29 3.89l2.17-.16 3.1 7.7-2 .15L14 10l-2.39.18-.35 1.67-2 .14Zm2.15 4.6-1-2.84-.61 2.95ZM17 3.47l1.89-.14.44 6 3.3-.25.16 1.92-5.19.39ZM23.36 3l5.13-.38.13 1.8-3.24.24.09 1.22 2.66-.2.12 1.7-2.65.2.09 1.35 3.46-.26.13 1.81-5.34.4Z"></path></g></g></svg></div> <!----> <!----> <!----></div></div> <div class="mobile-product-list-cell_left"><div><!----> <img src="data:image/svg+xml;base64,PD94bWwgdmVyc2lvbj0iMS4wIiBlbmNvZGluZz0idXRmLTgiPz4KPCEtLSBHZW5lcmF0ZWQgYnkgSWNvTW9vbi5pbyAtLT4KPCFET0NUWVBFIHN2ZyBQVUJMSUMgIi0vL1czQy8vRFREIFNWRyAxLjEvL0VOIiAiaHR0cDovL3d3dy53My5vcmcvR3JhcGhpY3MvU1ZHLzEuMS9EVEQvc3ZnMTEuZHRkIj4KPHN2ZyB2ZXJzaW9uPSIxLjEiIHhtbG5zPSJodHRwOi8vd3d3LnczLm9yZy8yMDAwL3N2ZyIgeG1sbnM6eGxpbms9Imh0dHA6Ly93d3cudzMub3JnLzE5OTkveGxpbmsiIHdpZHRoPSI0OCIgaGVpZ2h0PSI0OCIgdmlld0JveD0iMCAwIDQ4IDQ4Ij4KPGcgaWQ9Imljb21vb24taWdub3JlIj4KCTxsaW5lIHN0cm9rZS13aWR0aD0iMSIgeDE9IiIgeTE9IiIgeDI9IiIgeTI9IiIgc3Ryb2tlPSIjNDQ5RkRCIiBvcGFjaXR5PSIiPjwvbGluZT4KPC9nPgoJPHBhdGggZD0iTTM4LjQ4IDkuMDcwYzAuMjQ4IDAgMC40NSAwLjIwMiAwLjQ1IDAuNDV2MjguOTU5YzAgMC4yNDgtMC4yMDIgMC40NS0wLjQ1IDAuNDVoLTI4Ljk1OWMtMC4yNDggMC0wLjQ1LTAuMjAyLTAuNDUtMC40NXYtMjguOTU5YzAtMC4yNDggMC4yMDItMC40NSAwLjQ1LTAuNDVoMjguOTU5ek0zOC40OCA4aC0yOC45NTljLTAuODQgMC0xLjUyIDAuNjgxLTEuNTIgMS41MjF2MjguOTU5YzAgMC44NCAwLjY4MSAxLjUyMSAxLjUyIDEuNTIxaDI4Ljk1OWMwLjg0IDAgMS41Mi0wLjY4MSAxLjUyLTEuNTIxdi0yOC45NTljMC0wLjg0LTAuNjgxLTEuNTIxLTEuNTItMS41MjF2MHoiIG9wYWNpdHk9IjEiIHZpc2liaWxpdHk9ImZhbHNlIiBmaWxsPSIjZDdkN2Q3Ij48L3BhdGg+Cgk8cGF0aCBkPSJNMTIuMjI4IDM1LjIyNHYtMy4zMjljMC0wLjE0NSAwLjA1OC0wLjI4NSAwLjE2LTAuMzg4bDUuNTg3LTUuNTg3YzAuMjE0LTAuMjE0IDAuNTYxLTAuMjE0IDAuNzc1IDBsMi4xMTkgMi4xMTljMC4yMTQgMC4yMTQgMC41NjEgMC4yMTQgMC43NzUgMGw4LjE5MS04LjE5MmMwLjIxNC0wLjIxNCAwLjU2MS0wLjIxNCAwLjc3NSAwbDUgNWMwLjEwMyAwLjEwMyAwLjE2IDAuMjQyIDAuMTYgMC4zODh2OS45ODhjMCAwLjMwMy0wLjI0NSAwLjU0OC0wLjU0OCAwLjU0OGgtMjIuNDQ3Yy0wLjMwMyAwLTAuNTQ4LTAuMjQ1LTAuNTQ4LTAuNTQ4eiIgb3BhY2l0eT0iMSIgdmlzaWJpbGl0eT0iZmFsc2UiIGZpbGw9IiNkN2Q3ZDciPjwvcGF0aD4KCTxwYXRoIGQ9Ik0yMS41NDQgMTcuOTY3YzAgMS45ODItMS42MDYgMy41ODgtMy41ODggMy41ODhzLTMuNTg4LTEuNjA2LTMuNTg4LTMuNTg4YzAtMS45ODEgMS42MDYtMy41ODggMy41ODgtMy41ODhzMy41ODggMS42MDYgMy41ODggMy41ODh6IiBvcGFjaXR5PSIxIiB2aXNpYmlsaXR5PSJmYWxzZSIgZmlsbD0iI2Q3ZDdkNyI+PC9wYXRoPgo8L3N2Zz4K" alt="Diet Coke Cola Soda - 6 pk" skeleton-box-size="9rem" class="product-grid-image object-contain"></div></div> <div class="mobile-product-list-cell_info"><div class="product-tile_detail"><div class="skeleton-loader_wrapper cursor-pointer"><div class="product-grid-cell_price-container product-grid-cell_price-container_column product-grid-cell_price-container--mobile"><span class="product-grid-cell_main-price product-grid-cell_main-price--on-sale"><span class="sr-only">
      Sale Price
    </span>
    $5.99
  </span> <div class="product-grid-cell_was-container"><span class="product-grid-cell_regular-price product-grid-cell_regular-price--small"><span class="sr-only">
        Original Price
      </span>
      $6.99
    </span></div></div> <!----></div> <!----></div> <div class="mobile-product-list-cell_name-content"><div class="skeleton-loader_wrapper"><div class="product-grid-cell_name"><a id="product-name-92759-16760862670938724" href="#" data-opens-modal="true" aria-haspopup="dialog" class="product-grid-cell_name-text product-grid-cell_name-text--clamp-2"><!---->
    Diet Coke Cola Soda - 6 pk
  </a></div> <!----> <!----></div> <div class="skeleton-loader_wrapper"><div class="product-grid-cell_sizes"><span class="product-grid-cell_size">
    16.9 OZ BTL
  </span> <span aria-hidden="true">
    |
  </span> <!----> <span class="product-grid-cell_unit">
    $0.06 / OZ
  </span></div> <!----></div> <!----> <div id="coupon-link-92759-16760862670938724" tabindex="0" role="link" aria-label="Open coupon details" data-opens-modal="true" class="product-tile_coupon-offer product-tile_coupon-offer-eci product-tile_coupon-offer--mobile" is-mobile="true"><div class="product-tile_coupon-offer-display"><!----> <div class="vector-icon_mobile-center"><!----></div> <div class="product-tile_coupon-offer-name flex-center product-tile_coupon-offer-name--full-tile"><!---->
      4/$13 when you buy 4
    </div></div> <!----> <div class="product-tile_coupon-offer-loading-coupon"><!----></div></div> <div role="link" tabindex="0" data-opens-modal="true" aria-haspopup="dialog" class="product-grid-cell_multiple-offers"><p>
    View All Item Offers
  </p></div> <!----> <!----> <!----> <!----></div> <div class="mobile-product-list-cell_bottom"><div class="mobile-product-list-cell_bottom_cart-ui-wrapper"><!----> <!----> <div class="pdl-add-to-cart"><div class="pdl-add-to-cart_button"><button aria-label="Add to cart" data-product-id="92759" data-price="5.99" class="button button--add-to-cart add-sale">
      Add to cart
      <!----></button> <!----> <!----> <!----></div> <!----></div></div> <!----></div></div></div> <div class="product-tile_action-items"><!----> <!----> <div class="shopping-list-menu_container"><div class="relative-el"><button aria-label="add to shopping list" class="button pdl-product-detail_top-icon button--fourth pdl-product-detail_top-icon--borderless"><!----> <div class="vector-icon-size--large"><svg xmlns="http://www.w3.org/2000/svg" aria-label="Shopping List Icon Add" viewBox="0 0 32 32" role="presentation" aria-hidden="true" focusable="false" class="vector-icon-color--dark-grey"><title lang="en">Shopping List Icon Add</title><desc></desc><g fill="" stroke=""><g><path d="M21.94066,15.3368884 L21.94066,12.8931995 C21.94066,12.3409148 22.3883752,11.8931995 22.94066,11.8931995 C23.4929447,11.8931995 23.94066,12.3409148 23.94066,12.8931995 L23.94066,15.3368884 L26.2522624,15.3368884 C26.8045471,15.3368884 27.2522624,15.7846037 27.2522624,16.3368884 C27.2522624,16.8891732 26.8045471,17.3368884 26.2522624,17.3368884 L23.94066,17.3368884 L23.94066,19.8787952 C23.94066,20.43108 23.4929447,20.8787952 22.94066,20.8787952 C22.3883752,20.8787952 21.94066,20.43108 21.94066,19.8787952 L21.94066,17.3368884 L19.2666667,17.3368884 C18.7143819,17.3368884 18.2666667,16.8891732 18.2666667,16.3368884 C18.2666667,15.7846037 18.7143819,15.3368884 19.2666667,15.3368884 L21.94066,15.3368884 Z M8,12 C7.44771525,12 7,11.5522847 7,11 C7,10.4477153 7.44771525,10 8,10 L19.1153581,10 C19.6676429,10 20.1153581,10.4477153 20.1153581,11 C20.1153581,11.5522847 19.6676429,12 19.1153581,12 L8,12 Z M8,17.3368884 C7.44771525,17.3368884 7,16.8891732 7,16.3368884 C7,15.7846037 7.44771525,15.3368884 8,15.3368884 L14.7200696,15.3368884 C15.2723543,15.3368884 15.7200696,15.7846037 15.7200696,16.3368884 C15.7200696,16.8891732 15.2723543,17.3368884 14.7200696,17.3368884 L8,17.3368884 Z M8,23 C7.44771525,23 7,22.5522847 7,22 C7,21.4477153 7.44771525,21 8,21 L19.1153581,21 C19.6676429,21 20.1153581,21.4477153 20.1153581,22 C20.1153581,22.5522847 19.6676429,23 19.1153581,23 L8,23 Z" fill="#000000" fill-rule="nonzero"></path></g></g></svg></div> <div class="pdl-product-detail_list-tooltip"><p>Add item to shopping list</p> <em></em></div></button></div></div></div> <!----></li> <!----><!----> <!----> <!----> <!----> <li tabindex="-1" data-product-id="172375" class="slot mobile-product-list-cell"><!----> <!----> <!----> <!----> <div class="mobile-product-list-cell_content"><div><!----> <div class="flag_outer-container"><!----> <!----> <!----> <!----></div></div> <div class="mobile-product-list-cell_left"><div><!----> <img src="data:image/svg+xml;base64,PD94bWwgdmVyc2lvbj0iMS4wIiBlbmNvZGluZz0idXRmLTgiPz4KPCEtLSBHZW5lcmF0ZWQgYnkgSWNvTW9vbi5pbyAtLT4KPCFET0NUWVBFIHN2ZyBQVUJMSUMgIi0vL1czQy8vRFREIFNWRyAxLjEvL0VOIiAiaHR0cDovL3d3dy53My5vcmcvR3JhcGhpY3MvU1ZHLzEuMS9EVEQvc3ZnMTEuZHRkIj4KPHN2ZyB2ZXJzaW9uPSIxLjEiIHhtbG5zPSJodHRwOi8vd3d3LnczLm9yZy8yMDAwL3N2ZyIgeG1sbnM6eGxpbms9Imh0dHA6Ly93d3cudzMub3JnLzE5OTkveGxpbmsiIHdpZHRoPSI0OCIgaGVpZ2h0PSI0OCIgdmlld0JveD0iMCAwIDQ4IDQ4Ij4KPGcgaWQ9Imljb21vb24taWdub3JlIj4KCTxsaW5lIHN0cm9rZS13aWR0aD0iMSIgeDE9IiIgeTE9IiIgeDI9IiIgeTI9IiIgc3Ryb2tlPSIjNDQ5RkRCIiBvcGFjaXR5PSIiPjwvbGluZT4KPC9nPgoJPHBhdGggZD0iTTM4LjQ4IDkuMDcwYzAuMjQ4IDAgMC40NSAwLjIwMiAwLjQ1IDAuNDV2MjguOTU5YzAgMC4yNDgtMC4yMDIgMC40NS0wLjQ1IDAuNDVoLTI4Ljk1OWMtMC4yNDggMC0wLjQ1LTAuMjAyLTAuNDUtMC40NXYtMjguOTU5YzAtMC4yNDggMC4yMDItMC40NSAwLjQ1LTAuNDVoMjguOTU5ek0zOC40OCA4aC0yOC45NTljLTAuODQgMC0xLjUyIDAuNjgxLTEuNTIgMS41MjF2MjguOTU5YzAgMC44NCAwLjY4MSAxLjUyMSAxLjUyIDEuNTIxaDI4Ljk1OWMwLjg0IDAgMS41Mi0wLjY4MSAxLjUyLTEuNTIxdi0yOC45NTljMC0wLjg0LTAuNjgxLTEuNTIxLTEuNTItMS41MjF2MHoiIG9wYWNpdHk9IjEiIHZpc2liaWxpdHk9ImZhbHNlIiBmaWxsPSIjZDdkN2Q3Ij48L3BhdGg+Cgk8cGF0aCBkPSJNMTIuMjI4IDM1LjIyNHYtMy4zMjljMC0wLjE0NSAwLjA1OC0wLjI4NSAwLjE2LTAuMzg4bDUuNTg3LTUuNTg3YzAuMjE0LTAuMjE0IDAuNTYxLTAuMjE0IDAuNzc1IDBsMi4xMTkgMi4xMTljMC4yMTQgMC4yMTQgMC41NjEgMC4yMTQgMC43NzUgMGw4LjE5MS04LjE5MmMwLjIxNC0wLjIxNCAwLjU2MS0wLjIxNCAwLjc3NSAwbDUgNWMwLjEwMyAwLjEwMyAwLjE2IDAuMjQyIDAuMTYgMC4zODh2OS45ODhjMCAwLjMwMy0wLjI0NSAwLjU0OC0wLjU0OCAwLjU0OGgtMjIuNDQ3Yy0wLjMwMyAwLTAuNTQ4LTAuMjQ1LTAuNTQ4LTAuNTQ4eiIgb3BhY2l0eT0iMSIgdmlzaWJpbGl0eT0iZmFsc2UiIGZpbGw9IiNkN2Q3ZDciPjwvcGF0aD4KCTxwYXRoIGQ9Ik0yMS41NDQgMTcuOTY3YzAgMS45ODItMS42MDYgMy41ODgtMy41ODggMy41ODhzLTMuNTg4LTEuNjA2LTMuNTg4LTMuNTg4YzAtMS45ODEgMS42MDYtMy41ODggMy41ODgtMy41ODhzMy41ODggMS42MDYgMy41ODggMy41ODh6IiBvcGFjaXR5PSIxIiB2aXNpYmlsaXR5PSJmYWxzZSIgZmlsbD0iI2Q3ZDdkNyI+PC9wYXRoPgo8L3N2Zz4K" alt="Cento Tomato Paste" skeleton-box-size="9rem" class="product-grid-image object-contain"></div></div> <div class="mobile-product-list-cell_info"><div class="product-tile_detail"><div class="skeleton-loader_wrapper cursor-pointer"><div class="product-grid-cell_price-container product-grid-cell_price-container--mobile"><span class="product-grid-cell_main-price"><!---->
    $1.09
  </span> <!----></div> <!----></div> <!----></div> <div class="mobile-product-list-cell_name-content"><div class="skeleton-loader_wrapper"><div class="product-grid-cell_name"><a id="product-name-172375-16760862670960611" href="#" data-opens-modal="true" aria-haspopup="dialog" class="product-grid-cell_name-text product-grid-cell_name-text--clamp-2"><!---->
    Cento Tomato Paste
  </a></div> <!----> <!----></div> <div class="skeleton-loader_wrapper"><div class="product-grid-cell_sizes"><span class="product-grid-cell_size">
    6 OZ CAN
  </span> <span aria-hidden="true">
    |
  </span> <!----> <span class="product-grid-cell_unit">
    $0.18 / OZ
  </span></div> <!----></div> <!----> <!----> <!----> <!----> <!----> <!----> <!----></div> <div class="mobile-product-list-cell_bottom"><div class="mobile-product-list-cell_bottom_cart-ui-wrapper"><!----> <!----> <div class="pdl-add-to-cart"><div class="pdl-add-to-cart_button"><button aria-label="Add to cart" data-product-id="172375" data-price="1.09" class="button button--add-to-cart">
      Add to cart
      <!----></button> <!----> <!----> <!----></div> <!----></div></div> <!----></div></div></div> <div class="product-tile_action-items"><!----> <!----> <div class="shopping-list-menu_container"><div class="relative-el"><button aria-label="add to shopping list" class="button pdl-product-detail_top-icon button--fourth pdl-product-detail_top-icon--borderless"><!----> <div class="vector-icon-size--large"><svg xmlns="http://www.w3.org/2000/svg" aria-label="Shopping List Icon Add" viewBox="0 0 32 32" role="presentation" aria-hidden="true" focusable="false" class="vector-icon-color--dark-grey"><title lang="en">Shopping List Icon Add</title><desc></desc><g fill="" stroke=""><g><path d="M21.94066,15.3368884 L21.94066,12.8931995 C21.94066,12.3409148 22.3883752,11.8931995 22.94066,11.8931995 C23.4929447,11.8931995 23.94066,12.3409148 23.94066,12.8931995 L23.94066,15.3368884 L26.2522624,15.3368884 C26.8045471,15.3368884 27.2522624,15.7846037 27.2522624,16.3368884 C27.2522624,16.8891732 26.8045471,17.3368884 26.2522624,17.3368884 L23.94066,17.3368884 L23.94066,19.8787952 C23.94066,20.43108 23.4929447,20.8787952 22.94066,20.8787952 C22.3883752,20.8787952 21.94066,20.43108 21.94066,19.8787952 L21.94066,17.3368884 L19.2666667,17.3368884 C18.7143819,17.3368884 18.2666667,16.8891732 18.2666667,16.3368884 C18.2666667,15.7846037 18.7143819,15.3368884 19.2666667,15.3368884 L21.94066,15.3368884 Z M8,12 C7.44771525,12 7,11.5522847 7,11 C7,10.4477153 7.44771525,10 8,10 L19.1153581,10 C19.6676429,10 20.1153581,10.4477153 20.1153581,11 C20.1153581,11.5522847 19.6676429,12 19.1153581,12 L8,12 Z M8,17.3368884 C7.44771525,17.3368884 7,16.8891732 7,16.3368884 C7,15.7846037 7.44771525,15.3368884 8,15.3368884 L14.7200696,15.3368884 C15.2723543,15.3368884 15.7200696,15.7846037 15.7200696,16.3368884 C15.7200696,16.8891732 15.2723543,17.3368884 14.7200696,17.3368884 L8,17.3368884 Z M8,23 C7.44771525,23 7,22.5522847 7,22 C7,21.4477153 7.44771525,21 8,21 L19.1153581,21 C19.6676429,21 20.1153581,21.4477153 20.1153581,22 C20.1153581,22.5522847 19.6676429,23 19.1153581,23 L8,23 Z" fill="#000000" fill-rule="nonzero"></path></g></g></svg></div> <div class="pdl-product-detail_list-tooltip"><p>Add item to shopping list</p> <em></em></div></button></div></div></div> <!----></li> <!----><!----> <!----> <!----> <!----> <li tabindex="-1" data-product-id="87844" class="slot mobile-product-list-cell"><!----> <!----> <!----> <!----> <div class="mobile-product-list-cell_content"><div><!----> <div class="flag_outer-container"><div class=""><svg xmlns="http://www.w3.org/2000/svg" aria-label="Sale" viewBox="0 0 32 32" role="presentation" aria-hidden="true" focusable="false" class="w-20 ml-3"><title lang="en">Sale</title><desc></desc><g fill="" stroke=""><g><path d="M16.56 19.87a3.81 3.81 0 0 1-1-.13l-13.39-3.5a1.5 1.5 0 0 1-1.12-1.34l-.81-11a1.52 1.52 0 0 1 1.39-1.61l27.69-2h.11a1.51 1.51 0 0 1 1.5 1.4l.82 11a1.52 1.52 0 0 1-.91 1.5l-12.72 5.36a3.79 3.79 0 0 1-1.56.32Z" fill="#ed1256"></path><path fill="#fff" d="M29.43.48a1.26 1.26 0 0 1 1.26 1.17l.82 11a1.27 1.27 0 0 1-.76 1.26L18 19.34a3.72 3.72 0 0 1-1.47.3 3.79 3.79 0 0 1-.94-.12L2.24 16a1.27 1.27 0 0 1-1-1.13l-.81-11a1.26 1.26 0 0 1 1.22-1.33L29.34.48h.09m0-.48h-.13L1.62 2A1.76 1.76 0 0 0 0 3.92l.82 11a1.73 1.73 0 0 0 1.3 1.55L15.5 20a4.3 4.3 0 0 0 1.07.14 4.24 4.24 0 0 0 1.65-.34l12.72-5.44A1.76 1.76 0 0 0 32 12.59l-.82-11A1.76 1.76 0 0 0 29.43 0Z"></path><path fill="#fff" d="M3.74 9.87a3 3 0 0 0 .82.55 2.21 2.21 0 0 0 1.08.19 1.6 1.6 0 0 0 .29 0 1 1 0 0 0 .26-.12.58.58 0 0 0 .18-.2.62.62 0 0 0 0-.31.59.59 0 0 0-.32-.49 3.38 3.38 0 0 0-.85-.34L4.84 9a4.19 4.19 0 0 1-.69-.26 2.44 2.44 0 0 1-.63-.41 1.92 1.92 0 0 1-.7-1.42 2.68 2.68 0 0 1 .1-1A2.2 2.2 0 0 1 3.39 5a2.42 2.42 0 0 1 .82-.6 3.15 3.15 0 0 1 1.17-.28 3.68 3.68 0 0 1 1.72.24 3 3 0 0 1 .57.29A2.66 2.66 0 0 1 8 5l-.82 1.37a4.42 4.42 0 0 0-.82-.45 2 2 0 0 0-.85-.13 1.4 1.4 0 0 0-.28.06A.9.9 0 0 0 5 6a.62.62 0 0 0-.16.2.5.5 0 0 0 0 .28.6.6 0 0 0 .1.31.68.68 0 0 0 .24.2 1.27 1.27 0 0 0 .35.15l.43.13.35.09a7.49 7.49 0 0 1 .69.22 2.2 2.2 0 0 1 .72.42 2.46 2.46 0 0 1 .54.68 2.31 2.31 0 0 1 .27 1 2.15 2.15 0 0 1-.15 1 2.53 2.53 0 0 1-.56.84 2.77 2.77 0 0 1-.88.59 4 4 0 0 1-1.11.27A4.67 4.67 0 0 1 4 12.25a3.79 3.79 0 0 1-1.28-.75ZM11.29 3.89l2.17-.16 3.1 7.7-2 .15L14 10l-2.39.18-.35 1.67-2 .14Zm2.15 4.6-1-2.84-.61 2.95ZM17 3.47l1.89-.14.44 6 3.3-.25.16 1.92-5.19.39ZM23.36 3l5.13-.38.13 1.8-3.24.24.09 1.22 2.66-.2.12 1.7-2.65.2.09 1.35 3.46-.26.13 1.81-5.34.4Z"></path></g></g></svg></div> <!----> <!----> <!----></div></div> <div class="mobile-product-list-cell_left"><div><!----> <img src="data:image/svg+xml;base64,PD94bWwgdmVyc2lvbj0iMS4wIiBlbmNvZGluZz0idXRmLTgiPz4KPCEtLSBHZW5lcmF0ZWQgYnkgSWNvTW9vbi5pbyAtLT4KPCFET0NUWVBFIHN2ZyBQVUJMSUMgIi0vL1czQy8vRFREIFNWRyAxLjEvL0VOIiAiaHR0cDovL3d3dy53My5vcmcvR3JhcGhpY3MvU1ZHLzEuMS9EVEQvc3ZnMTEuZHRkIj4KPHN2ZyB2ZXJzaW9uPSIxLjEiIHhtbG5zPSJodHRwOi8vd3d3LnczLm9yZy8yMDAwL3N2ZyIgeG1sbnM6eGxpbms9Imh0dHA6Ly93d3cudzMub3JnLzE5OTkveGxpbmsiIHdpZHRoPSI0OCIgaGVpZ2h0PSI0OCIgdmlld0JveD0iMCAwIDQ4IDQ4Ij4KPGcgaWQ9Imljb21vb24taWdub3JlIj4KCTxsaW5lIHN0cm9rZS13aWR0aD0iMSIgeDE9IiIgeTE9IiIgeDI9IiIgeTI9IiIgc3Ryb2tlPSIjNDQ5RkRCIiBvcGFjaXR5PSIiPjwvbGluZT4KPC9nPgoJPHBhdGggZD0iTTM4LjQ4IDkuMDcwYzAuMjQ4IDAgMC40NSAwLjIwMiAwLjQ1IDAuNDV2MjguOTU5YzAgMC4yNDgtMC4yMDIgMC40NS0wLjQ1IDAuNDVoLTI4Ljk1OWMtMC4yNDggMC0wLjQ1LTAuMjAyLTAuNDUtMC40NXYtMjguOTU5YzAtMC4yNDggMC4yMDItMC40NSAwLjQ1LTAuNDVoMjguOTU5ek0zOC40OCA4aC0yOC45NTljLTAuODQgMC0xLjUyIDAuNjgxLTEuNTIgMS41MjF2MjguOTU5YzAgMC44NCAwLjY4MSAxLjUyMSAxLjUyIDEuNTIxaDI4Ljk1OWMwLjg0IDAgMS41Mi0wLjY4MSAxLjUyLTEuNTIxdi0yOC45NTljMC0wLjg0LTAuNjgxLTEuNTIxLTEuNTItMS41MjF2MHoiIG9wYWNpdHk9IjEiIHZpc2liaWxpdHk9ImZhbHNlIiBmaWxsPSIjZDdkN2Q3Ij48L3BhdGg+Cgk8cGF0aCBkPSJNMTIuMjI4IDM1LjIyNHYtMy4zMjljMC0wLjE0NSAwLjA1OC0wLjI4NSAwLjE2LTAuMzg4bDUuNTg3LTUuNTg3YzAuMjE0LTAuMjE0IDAuNTYxLTAuMjE0IDAuNzc1IDBsMi4xMTkgMi4xMTljMC4yMTQgMC4yMTQgMC41NjEgMC4yMTQgMC43NzUgMGw4LjE5MS04LjE5MmMwLjIxNC0wLjIxNCAwLjU2MS0wLjIxNCAwLjc3NSAwbDUgNWMwLjEwMyAwLjEwMyAwLjE2IDAuMjQyIDAuMTYgMC4zODh2OS45ODhjMCAwLjMwMy0wLjI0NSAwLjU0OC0wLjU0OCAwLjU0OGgtMjIuNDQ3Yy0wLjMwMyAwLTAuNTQ4LTAuMjQ1LTAuNTQ4LTAuNTQ4eiIgb3BhY2l0eT0iMSIgdmlzaWJpbGl0eT0iZmFsc2UiIGZpbGw9IiNkN2Q3ZDciPjwvcGF0aD4KCTxwYXRoIGQ9Ik0yMS41NDQgMTcuOTY3YzAgMS45ODItMS42MDYgMy41ODgtMy41ODggMy41ODhzLTMuNTg4LTEuNjA2LTMuNTg4LTMuNTg4YzAtMS45ODEgMS42MDYtMy41ODggMy41ODgtMy41ODhzMy41ODggMS42MDYgMy41ODggMy41ODh6IiBvcGFjaXR5PSIxIiB2aXNpYmlsaXR5PSJmYWxzZSIgZmlsbD0iI2Q3ZDdkNyI+PC9wYXRoPgo8L3N2Zz4K" alt="Pepperidge Farm Goldfish Flavor Blasted Baked Snack Crackers Xtra Cheddar" skeleton-box-size="9rem" class="product-grid-image object-contain"></div></div> <div class="mobile-product-list-cell_info"><div class="product-tile_detail"><div class="skeleton-loader_wrapper cursor-pointer"><div class="product-grid-cell_price-container product-grid-cell_price-container_column product-grid-cell_price-container--mobile"><span class="product-grid-cell_main-price product-grid-cell_main-price--on-sale"><span class="sr-only">
      Sale Price
    </span>
    $3.00
  </span> <div class="product-grid-cell_was-container"><span class="product-grid-cell_regular-price product-grid-cell_regular-price--small"><span class="sr-only">
        Original Price
      </span>
      $3.69
    </span></div></div> <!----></div> <!----></div> <div class="mobile-product-list-cell_name-content"><div class="skeleton-loader_wrapper"><div class="product-grid-cell_name"><a id="product-name-87844-16760862670980549" href="#" data-opens-modal="true" aria-haspopup="dialog" class="product-grid-cell_name-text product-grid-cell_name-text--clamp-2"><!---->
    Pepperidge Farm Goldfish Flavor Blasted Baked Snack Crackers Xtra Cheddar
  </a></div> <!----> <!----></div> <div class="skeleton-loader_wrapper"><div class="product-grid-cell_sizes"><span class="product-grid-cell_size">
    6.6 OZ BAG
  </span> <span aria-hidden="true">
    |
  </span> <!----> <span class="product-grid-cell_unit">
    $0.45 / OZ
  </span></div> <!----></div> <!----> <!----> <!----> <!----> <!----> <!----> <!----></div> <div class="mobile-product-list-cell_bottom"><div class="mobile-product-list-cell_bottom_cart-ui-wrapper"><!----> <!----> <div class="pdl-add-to-cart"><div class="pdl-add-to-cart_button"><button aria-label="Add to cart" data-product-id="87844" data-price="3" class="button button--add-to-cart add-sale">
      Add to cart
      <!----></button> <!----> <!----> <!----></div> <!----></div></div> <!----></div></div></div> <div class="product-tile_action-items"><!----> <!----> <div class="shopping-list-menu_container"><div class="relative-el"><button aria-label="add to shopping list" class="button pdl-product-detail_top-icon button--fourth pdl-product-detail_top-icon--borderless"><!----> <div class="vector-icon-size--large"><svg xmlns="http://www.w3.org/2000/svg" aria-label="Shopping List Icon Add" viewBox="0 0 32 32" role="presentation" aria-hidden="true" focusable="false" class="vector-icon-color--dark-grey"><title lang="en">Shopping List Icon Add</title><desc></desc><g fill="" stroke=""><g><path d="M21.94066,15.3368884 L21.94066,12.8931995 C21.94066,12.3409148 22.3883752,11.8931995 22.94066,11.8931995 C23.4929447,11.8931995 23.94066,12.3409148 23.94066,12.8931995 L23.94066,15.3368884 L26.2522624,15.3368884 C26.8045471,15.3368884 27.2522624,15.7846037 27.2522624,16.3368884 C27.2522624,16.8891732 26.8045471,17.3368884 26.2522624,17.3368884 L23.94066,17.3368884 L23.94066,19.8787952 C23.94066,20.43108 23.4929447,20.8787952 22.94066,20.8787952 C22.3883752,20.8787952 21.94066,20.43108 21.94066,19.8787952 L21.94066,17.3368884 L19.2666667,17.3368884 C18.7143819,17.3368884 18.2666667,16.8891732 18.2666667,16.3368884 C18.2666667,15.7846037 18.7143819,15.3368884 19.2666667,15.3368884 L21.94066,15.3368884 Z M8,12 C7.44771525,12 7,11.5522847 7,11 C7,10.4477153 7.44771525,10 8,10 L19.1153581,10 C19.6676429,10 20.1153581,10.4477153 20.1153581,11 C20.1153581,11.5522847 19.6676429,12 19.1153581,12 L8,12 Z M8,17.3368884 C7.44771525,17.3368884 7,16.8891732 7,16.3368884 C7,15.7846037 7.44771525,15.3368884 8,15.3368884 L14.7200696,15.3368884 C15.2723543,15.3368884 15.7200696,15.7846037 15.7200696,16.3368884 C15.7200696,16.8891732 15.2723543,17.3368884 14.7200696,17.3368884 L8,17.3368884 Z M8,23 C7.44771525,23 7,22.5522847 7,22 C7,21.4477153 7.44771525,21 8,21 L19.1153581,21 C19.6676429,21 20.1153581,21.4477153 20.1153581,22 C20.1153581,22.5522847 19.6676429,23 19.1153581,23 L8,23 Z" fill="#000000" fill-rule="nonzero"></path></g></g></svg></div> <div class="pdl-product-detail_list-tooltip"><p>Add item to shopping list</p> <em></em></div></button></div></div></div> <!----></li> <!----><!----> <!----> <!----> <!----> <li tabindex="-1" data-product-id="7078" class="slot mobile-product-list-cell"><!----> <!----> <!----> <!----> <div class="mobile-product-list-cell_content"><div><!----> <div class="flag_outer-container"><!----> <!----> <!----> <!----></div></div> <div class="mobile-product-list-cell_left"><div><!----> <img src="data:image/svg+xml;base64,PD94bWwgdmVyc2lvbj0iMS4wIiBlbmNvZGluZz0idXRmLTgiPz4KPCEtLSBHZW5lcmF0ZWQgYnkgSWNvTW9vbi5pbyAtLT4KPCFET0NUWVBFIHN2ZyBQVUJMSUMgIi0vL1czQy8vRFREIFNWRyAxLjEvL0VOIiAiaHR0cDovL3d3dy53My5vcmcvR3JhcGhpY3MvU1ZHLzEuMS9EVEQvc3ZnMTEuZHRkIj4KPHN2ZyB2ZXJzaW9uPSIxLjEiIHhtbG5zPSJodHRwOi8vd3d3LnczLm9yZy8yMDAwL3N2ZyIgeG1sbnM6eGxpbms9Imh0dHA6Ly93d3cudzMub3JnLzE5OTkveGxpbmsiIHdpZHRoPSI0OCIgaGVpZ2h0PSI0OCIgdmlld0JveD0iMCAwIDQ4IDQ4Ij4KPGcgaWQ9Imljb21vb24taWdub3JlIj4KCTxsaW5lIHN0cm9rZS13aWR0aD0iMSIgeDE9IiIgeTE9IiIgeDI9IiIgeTI9IiIgc3Ryb2tlPSIjNDQ5RkRCIiBvcGFjaXR5PSIiPjwvbGluZT4KPC9nPgoJPHBhdGggZD0iTTM4LjQ4IDkuMDcwYzAuMjQ4IDAgMC40NSAwLjIwMiAwLjQ1IDAuNDV2MjguOTU5YzAgMC4yNDgtMC4yMDIgMC40NS0wLjQ1IDAuNDVoLTI4Ljk1OWMtMC4yNDggMC0wLjQ1LTAuMjAyLTAuNDUtMC40NXYtMjguOTU5YzAtMC4yNDggMC4yMDItMC40NSAwLjQ1LTAuNDVoMjguOTU5ek0zOC40OCA4aC0yOC45NTljLTAuODQgMC0xLjUyIDAuNjgxLTEuNTIgMS41MjF2MjguOTU5YzAgMC44NCAwLjY4MSAxLjUyMSAxLjUyIDEuNTIxaDI4Ljk1OWMwLjg0IDAgMS41Mi0wLjY4MSAxLjUyLTEuNTIxdi0yOC45NTljMC0wLjg0LTAuNjgxLTEuNTIxLTEuNTItMS41MjF2MHoiIG9wYWNpdHk9IjEiIHZpc2liaWxpdHk9ImZhbHNlIiBmaWxsPSIjZDdkN2Q3Ij48L3BhdGg+Cgk8cGF0aCBkPSJNMTIuMjI4IDM1LjIyNHYtMy4zMjljMC0wLjE0NSAwLjA1OC0wLjI4NSAwLjE2LTAuMzg4bDUuNTg3LTUuNTg3YzAuMjE0LTAuMjE0IDAuNTYxLTAuMjE0IDAuNzc1IDBsMi4xMTkgMi4xMTljMC4yMTQgMC4yMTQgMC41NjEgMC4yMTQgMC43NzUgMGw4LjE5MS04LjE5MmMwLjIxNC0wLjIxNCAwLjU2MS0wLjIxNCAwLjc3NSAwbDUgNWMwLjEwMyAwLjEwMyAwLjE2IDAuMjQyIDAuMTYgMC4zODh2OS45ODhjMCAwLjMwMy0wLjI0NSAwLjU0OC0wLjU0OCAwLjU0OGgtMjIuNDQ3Yy0wLjMwMyAwLTAuNTQ4LTAuMjQ1LTAuNTQ4LTAuNTQ4eiIgb3BhY2l0eT0iMSIgdmlzaWJpbGl0eT0iZmFsc2UiIGZpbGw9IiNkN2Q3ZDciPjwvcGF0aD4KCTxwYXRoIGQ9Ik0yMS41NDQgMTcuOTY3YzAgMS45ODItMS42MDYgMy41ODgtMy41ODggMy41ODhzLTMuNTg4LTEuNjA2LTMuNTg4LTMuNTg4YzAtMS45ODEgMS42MDYtMy41ODggMy41ODgtMy41ODhzMy41ODggMS42MDYgMy41ODggMy41ODh6IiBvcGFjaXR5PSIxIiB2aXNpYmlsaXR5PSJmYWxzZSIgZmlsbD0iI2Q3ZDdkNyI+PC9wYXRoPgo8L3N2Zz4K" alt="Campbell's Cream of Chicken Condensed Soup" skeleton-box-size="9rem" class="product-grid-image object-contain"></div></div> <div class="mobile-product-list-cell_info"><div class="product-tile_detail"><div class="skeleton-loader_wrapper cursor-pointer"><div class="product-grid-cell_price-container product-grid-cell_price-container--mobile"><span class="product-grid-cell_main-price"><!---->
    $1.89
  </span> <!----></div> <!----></div> <!----></div> <div class="mobile-product-list-cell_name-content"><div class="skeleton-loader_wrapper"><div class="product-grid-cell_name"><a id="product-name-7078-16760862671016502" href="#" data-opens-modal="true" aria-haspopup="dialog" class="product-grid-cell_name-text product-grid-cell_name-text--clamp-2"><!---->
    Campbell's Cream of Chicken Condensed Soup
  </a></div> <!----> <!----></div> <div class="skeleton-loader_wrapper"><div class="product-grid-cell_sizes"><span class="product-grid-cell_size">
    10.5 OZ CAN
  </span> <span aria-hidden="true">
    |
  </span> <!----> <span class="product-grid-cell_unit">
    $0.18 / OZ
  </span></div> <!----></div> <!----> <!----> <!----> <!----> <!----> <!----> <!----></div> <div class="mobile-product-list-cell_bottom"><div class="mobile-product-list-cell_bottom_cart-ui-wrapper"><!----> <!----> <div class="pdl-add-to-cart"><div class="pdl-add-to-cart_button"><button aria-label="Add to cart" data-product-id="7078" data-price="1.89" class="button button--add-to-cart">
      Add to cart
      <!----></button> <!----> <!----> <!----></div> <!----></div></div> <!----></div></div></div> <div class="product-tile_action-items"><!----> <!----> <div class="shopping-list-menu_container"><div class="relative-el"><button aria-label="add to shopping list" class="button pdl-product-detail_top-icon button--fourth pdl-product-detail_top-icon--borderless"><!----> <div class="vector-icon-size--large"><svg xmlns="http://www.w3.org/2000/svg" aria-label="Shopping List Icon Add" viewBox="0 0 32 32" role="presentation" aria-hidden="true" focusable="false" class="vector-icon-color--dark-grey"><title lang="en">Shopping List Icon Add</title><desc></desc><g fill="" stroke=""><g><path d="M21.94066,15.3368884 L21.94066,12.8931995 C21.94066,12.3409148 22.3883752,11.8931995 22.94066,11.8931995 C23.4929447,11.8931995 23.94066,12.3409148 23.94066,12.8931995 L23.94066,15.3368884 L26.2522624,15.3368884 C26.8045471,15.3368884 27.2522624,15.7846037 27.2522624,16.3368884 C27.2522624,16.8891732 26.8045471,17.3368884 26.2522624,17.3368884 L23.94066,17.3368884 L23.94066,19.8787952 C23.94066,20.43108 23.4929447,20.8787952 22.94066,20.8787952 C22.3883752,20.8787952 21.94066,20.43108 21.94066,19.8787952 L21.94066,17.3368884 L19.2666667,17.3368884 C18.7143819,17.3368884 18.2666667,16.8891732 18.2666667,16.3368884 C18.2666667,15.7846037 18.7143819,15.3368884 19.2666667,15.3368884 L21.94066,15.3368884 Z M8,12 C7.44771525,12 7,11.5522847 7,11 C7,10.4477153 7.44771525,10 8,10 L19.1153581,10 C19.6676429,10 20.1153581,10.4477153 20.1153581,11 C20.1153581,11.5522847 19.6676429,12 19.1153581,12 L8,12 Z M8,17.3368884 C7.44771525,17.3368884 7,16.8891732 7,16.3368884 C7,15.7846037 7.44771525,15.3368884 8,15.3368884 L14.7200696,15.3368884 C15.2723543,15.3368884 15.7200696,15.7846037 15.7200696,16.3368884 C15.7200696,16.8891732 15.2723543,17.3368884 14.7200696,17.3368884 L8,17.3368884 Z M8,23 C7.44771525,23 7,22.5522847 7,22 C7,21.4477153 7.44771525,21 8,21 L19.1153581,21 C19.6676429,21 20.1153581,21.4477153 20.1153581,22 C20.1153581,22.5522847 19.6676429,23 19.1153581,23 L8,23 Z" fill="#000000" fill-rule="nonzero"></path></g></g></svg></div> <div class="pdl-product-detail_list-tooltip"><p>Add item to shopping list</p> <em></em></div></button></div></div></div> <!----></li> <!----><!----> <!----> <!----> <!----> <li tabindex="-1" data-product-id="285449" class="slot mobile-product-list-cell"><!----> <!----> <!----> <!----> <div class="mobile-product-list-cell_content"><div><!----> <div class="flag_outer-container"><div class=""><svg xmlns="http://www.w3.org/2000/svg" aria-label="Sale" viewBox="0 0 32 32" role="presentation" aria-hidden="true" focusable="false" class="w-20 ml-3"><title lang="en">Sale</title><desc></desc><g fill="" stroke=""><g><path d="M16.56 19.87a3.81 3.81 0 0 1-1-.13l-13.39-3.5a1.5 1.5 0 0 1-1.12-1.34l-.81-11a1.52 1.52 0 0 1 1.39-1.61l27.69-2h.11a1.51 1.51 0 0 1 1.5 1.4l.82 11a1.52 1.52 0 0 1-.91 1.5l-12.72 5.36a3.79 3.79 0 0 1-1.56.32Z" fill="#ed1256"></path><path fill="#fff" d="M29.43.48a1.26 1.26 0 0 1 1.26 1.17l.82 11a1.27 1.27 0 0 1-.76 1.26L18 19.34a3.72 3.72 0 0 1-1.47.3 3.79 3.79 0 0 1-.94-.12L2.24 16a1.27 1.27 0 0 1-1-1.13l-.81-11a1.26 1.26 0 0 1 1.22-1.33L29.34.48h.09m0-.48h-.13L1.62 2A1.76 1.76 0 0 0 0 3.92l.82 11a1.73 1.73 0 0 0 1.3 1.55L15.5 20a4.3 4.3 0 0 0 1.07.14 4.24 4.24 0 0 0 1.65-.34l12.72-5.44A1.76 1.76 0 0 0 32 12.59l-.82-11A1.76 1.76 0 0 0 29.43 0Z"></path><path fill="#fff" d="M3.74 9.87a3 3 0 0 0 .82.55 2.21 2.21 0 0 0 1.08.19 1.6 1.6 0 0 0 .29 0 1 1 0 0 0 .26-.12.58.58 0 0 0 .18-.2.62.62 0 0 0 0-.31.59.59 0 0 0-.32-.49 3.38 3.38 0 0 0-.85-.34L4.84 9a4.19 4.19 0 0 1-.69-.26 2.44 2.44 0 0 1-.63-.41 1.92 1.92 0 0 1-.7-1.42 2.68 2.68 0 0 1 .1-1A2.2 2.2 0 0 1 3.39 5a2.42 2.42 0 0 1 .82-.6 3.15 3.15 0 0 1 1.17-.28 3.68 3.68 0 0 1 1.72.24 3 3 0 0 1 .57.29A2.66 2.66 0 0 1 8 5l-.82 1.37a4.42 4.42 0 0 0-.82-.45 2 2 0 0 0-.85-.13 1.4 1.4 0 0 0-.28.06A.9.9 0 0 0 5 6a.62.62 0 0 0-.16.2.5.5 0 0 0 0 .28.6.6 0 0 0 .1.31.68.68 0 0 0 .24.2 1.27 1.27 0 0 0 .35.15l.43.13.35.09a7.49 7.49 0 0 1 .69.22 2.2 2.2 0 0 1 .72.42 2.46 2.46 0 0 1 .54.68 2.31 2.31 0 0 1 .27 1 2.15 2.15 0 0 1-.15 1 2.53 2.53 0 0 1-.56.84 2.77 2.77 0 0 1-.88.59 4 4 0 0 1-1.11.27A4.67 4.67 0 0 1 4 12.25a3.79 3.79 0 0 1-1.28-.75ZM11.29 3.89l2.17-.16 3.1 7.7-2 .15L14 10l-2.39.18-.35 1.67-2 .14Zm2.15 4.6-1-2.84-.61 2.95ZM17 3.47l1.89-.14.44 6 3.3-.25.16 1.92-5.19.39ZM23.36 3l5.13-.38.13 1.8-3.24.24.09 1.22 2.66-.2.12 1.7-2.65.2.09 1.35 3.46-.26.13 1.81-5.34.4Z"></path></g></g></svg></div> <!----> <!----> <!----></div></div> <div class="mobile-product-list-cell_left"><div><!----> <img src="data:image/svg+xml;base64,PD94bWwgdmVyc2lvbj0iMS4wIiBlbmNvZGluZz0idXRmLTgiPz4KPCEtLSBHZW5lcmF0ZWQgYnkgSWNvTW9vbi5pbyAtLT4KPCFET0NUWVBFIHN2ZyBQVUJMSUMgIi0vL1czQy8vRFREIFNWRyAxLjEvL0VOIiAiaHR0cDovL3d3dy53My5vcmcvR3JhcGhpY3MvU1ZHLzEuMS9EVEQvc3ZnMTEuZHRkIj4KPHN2ZyB2ZXJzaW9uPSIxLjEiIHhtbG5zPSJodHRwOi8vd3d3LnczLm9yZy8yMDAwL3N2ZyIgeG1sbnM6eGxpbms9Imh0dHA6Ly93d3cudzMub3JnLzE5OTkveGxpbmsiIHdpZHRoPSI0OCIgaGVpZ2h0PSI0OCIgdmlld0JveD0iMCAwIDQ4IDQ4Ij4KPGcgaWQ9Imljb21vb24taWdub3JlIj4KCTxsaW5lIHN0cm9rZS13aWR0aD0iMSIgeDE9IiIgeTE9IiIgeDI9IiIgeTI9IiIgc3Ryb2tlPSIjNDQ5RkRCIiBvcGFjaXR5PSIiPjwvbGluZT4KPC9nPgoJPHBhdGggZD0iTTM4LjQ4IDkuMDcwYzAuMjQ4IDAgMC40NSAwLjIwMiAwLjQ1IDAuNDV2MjguOTU5YzAgMC4yNDgtMC4yMDIgMC40NS0wLjQ1IDAuNDVoLTI4Ljk1OWMtMC4yNDggMC0wLjQ1LTAuMjAyLTAuNDUtMC40NXYtMjguOTU5YzAtMC4yNDggMC4yMDItMC40NSAwLjQ1LTAuNDVoMjguOTU5ek0zOC40OCA4aC0yOC45NTljLTAuODQgMC0xLjUyIDAuNjgxLTEuNTIgMS41MjF2MjguOTU5YzAgMC44NCAwLjY4MSAxLjUyMSAxLjUyIDEuNTIxaDI4Ljk1OWMwLjg0IDAgMS41Mi0wLjY4MSAxLjUyLTEuNTIxdi0yOC45NTljMC0wLjg0LTAuNjgxLTEuNTIxLTEuNTItMS41MjF2MHoiIG9wYWNpdHk9IjEiIHZpc2liaWxpdHk9ImZhbHNlIiBmaWxsPSIjZDdkN2Q3Ij48L3BhdGg+Cgk8cGF0aCBkPSJNMTIuMjI4IDM1LjIyNHYtMy4zMjljMC0wLjE0NSAwLjA1OC0wLjI4NSAwLjE2LTAuMzg4bDUuNTg3LTUuNTg3YzAuMjE0LTAuMjE0IDAuNTYxLTAuMjE0IDAuNzc1IDBsMi4xMTkgMi4xMTljMC4yMTQgMC4yMTQgMC41NjEgMC4yMTQgMC43NzUgMGw4LjE5MS04LjE5MmMwLjIxNC0wLjIxNCAwLjU2MS0wLjIxNCAwLjc3NSAwbDUgNWMwLjEwMyAwLjEwMyAwLjE2IDAuMjQyIDAuMTYgMC4zODh2OS45ODhjMCAwLjMwMy0wLjI0NSAwLjU0OC0wLjU0OCAwLjU0OGgtMjIuNDQ3Yy0wLjMwMyAwLTAuNTQ4LTAuMjQ1LTAuNTQ4LTAuNTQ4eiIgb3BhY2l0eT0iMSIgdmlzaWJpbGl0eT0iZmFsc2UiIGZpbGw9IiNkN2Q3ZDciPjwvcGF0aD4KCTxwYXRoIGQ9Ik0yMS41NDQgMTcuOTY3YzAgMS45ODItMS42MDYgMy41ODgtMy41ODggMy41ODhzLTMuNTg4LTEuNjA2LTMuNTg4LTMuNTg4YzAtMS45ODEgMS42MDYtMy41ODggMy41ODgtMy41ODhzMy41ODggMS42MDYgMy41ODggMy41ODh6IiBvcGFjaXR5PSIxIiB2aXNpYmlsaXR5PSJmYWxzZSIgZmlsbD0iI2Q3ZDdkNyI+PC9wYXRoPgo8L3N2Zz4K" alt="Oikos Triple Zero Greek Yogurt Strawberry Banana" skeleton-box-size="9rem" class="product-grid-image object-contain"></div></div> <div class="mobile-product-list-cell_info"><div class="product-tile_detail"><div class="skeleton-loader_wrapper cursor-pointer"><div class="product-grid-cell_price-container product-grid-cell_price-container_column product-grid-cell_price-container--mobile"><span class="product-grid-cell_main-price product-grid-cell_main-price--on-sale"><span class="sr-only">
      Sale Price
    </span>
    $1.00
  </span> <div class="product-grid-cell_was-container"><span class="product-grid-cell_regular-price product-grid-cell_regular-price--small"><span class="sr-only">
        Original Price
      </span>
      $1.69
    </span></div></div> <!----></div> <!----></div> <div class="mobile-product-list-cell_name-content"><div class="skeleton-loader_wrapper"><div class="product-grid-cell_name"><a id="product-name-285449-16760862671036271" href="#" data-opens-modal="true" aria-haspopup="dialog" class="product-grid-cell_name-text product-grid-cell_name-text--clamp-2"><!---->
    Oikos Triple Zero Greek Yogurt Strawberry Banana
  </a></div> <!----> <!----></div> <div class="skeleton-loader_wrapper"><div class="product-grid-cell_sizes"><span class="product-grid-cell_size">
    5.3 OZ CUP
  </span> <span aria-hidden="true">
    |
  </span> <!----> <span class="product-grid-cell_unit">
    $0.19 / OZ
  </span></div> <!----></div> <!----> <div id="coupon-link-285449-16760862671036271" tabindex="0" role="link" aria-label="Open coupon details" data-opens-modal="true" class="product-tile_coupon-offer product-tile_coupon-offer-clippable product-tile_coupon-offer--mobile" is-mobile="true"><div class="product-tile_coupon-offer-display"><div class="vector-icon-size--xsmall margin-right--half"><svg xmlns="http://www.w3.org/2000/svg" aria-label="PdlIconCouponScissor" viewBox="0 0 19 20" role="presentation" aria-hidden="true" focusable="false" class="vector-icon-stroke--coupon"><title lang="en">PdlIconCouponScissor</title><desc></desc><g fill="" stroke=""><path d="M9.622 9.622 6.444 6.444a3.19 3.19 0 1 1-4.51-4.51 3.19 3.19 0 0 1 4.51 4.51l3.178 3.178 7.688-7.688-7.688 7.688Zm0 0 7.688 7.688-7.688-7.688L6.444 12.8l3.178-3.178ZM1.934 12.8a3.19 3.19 0 1 1 4.51 4.51 3.19 3.19 0 0 1-4.51-4.51Z" stroke="#007DA3" stroke-width="2" fill="none" fill-rule="evenodd" stroke-linecap="round" stroke-linejoin="round"></path></g></svg></div> <div class="vector-icon_mobile-center"><!----></div> <div class="product-tile_coupon-offer-name flex-center product-tile_coupon-offer-name--full-tile"><!---->
      Save $1.00
    </div></div> <!----> <div class="product-tile_coupon-offer-loading-coupon"><!----></div></div> <div role="link" tabindex="0" data-opens-modal="true" aria-haspopup="dialog" class="product-grid-cell_multiple-offers"><p>
    View All Item Offers
  </p></div> <!----> <!----> <!----> <!----></div> <div class="mobile-product-list-cell_bottom"><div class="mobile-product-list-cell_bottom_cart-ui-wrapper"><!----> <!----> <div class="pdl-add-to-cart pdl-add-to-cart_coupon"><div class="pdl-add-to-cart_button"><button aria-label="Add to cart" data-product-id="285449" data-price="1" class="button button--add-to-cart add-sale">
      Add to cart
      <!----></button> <!----> <!----> <!----></div> <!----></div></div> <!----></div></div></div> <div class="product-tile_action-items"><!----> <!----> <div class="shopping-list-menu_container"><div class="relative-el"><button aria-label="add to shopping list" class="button pdl-product-detail_top-icon button--fourth pdl-product-detail_top-icon--borderless"><!----> <div class="vector-icon-size--large"><svg xmlns="http://www.w3.org/2000/svg" aria-label="Shopping List Icon Add" viewBox="0 0 32 32" role="presentation" aria-hidden="true" focusable="false" class="vector-icon-color--dark-grey"><title lang="en">Shopping List Icon Add</title><desc></desc><g fill="" stroke=""><g><path d="M21.94066,15.3368884 L21.94066,12.8931995 C21.94066,12.3409148 22.3883752,11.8931995 22.94066,11.8931995 C23.4929447,11.8931995 23.94066,12.3409148 23.94066,12.8931995 L23.94066,15.3368884 L26.2522624,15.3368884 C26.8045471,15.3368884 27.2522624,15.7846037 27.2522624,16.3368884 C27.2522624,16.8891732 26.8045471,17.3368884 26.2522624,17.3368884 L23.94066,17.3368884 L23.94066,19.8787952 C23.94066,20.43108 23.4929447,20.8787952 22.94066,20.8787952 C22.3883752,20.8787952 21.94066,20.43108 21.94066,19.8787952 L21.94066,17.3368884 L19.2666667,17.3368884 C18.7143819,17.3368884 18.2666667,16.8891732 18.2666667,16.3368884 C18.2666667,15.7846037 18.7143819,15.3368884 19.2666667,15.3368884 L21.94066,15.3368884 Z M8,12 C7.44771525,12 7,11.5522847 7,11 C7,10.4477153 7.44771525,10 8,10 L19.1153581,10 C19.6676429,10 20.1153581,10.4477153 20.1153581,11 C20.1153581,11.5522847 19.6676429,12 19.1153581,12 L8,12 Z M8,17.3368884 C7.44771525,17.3368884 7,16.8891732 7,16.3368884 C7,15.7846037 7.44771525,15.3368884 8,15.3368884 L14.7200696,15.3368884 C15.2723543,15.3368884 15.7200696,15.7846037 15.7200696,16.3368884 C15.7200696,16.8891732 15.2723543,17.3368884 14.7200696,17.3368884 L8,17.3368884 Z M8,23 C7.44771525,23 7,22.5522847 7,22 C7,21.4477153 7.44771525,21 8,21 L19.1153581,21 C19.6676429,21 20.1153581,21.4477153 20.1153581,22 C20.1153581,22.5522847 19.6676429,23 19.1153581,23 L8,23 Z" fill="#000000" fill-rule="nonzero"></path></g></g></svg></div> <div class="pdl-product-detail_list-tooltip"><p>Add item to shopping list</p> <em></em></div></button></div></div></div> <!----></li> <!----><!----> <!----> <!----> <!----> <li tabindex="-1" data-product-id="22494" class="slot mobile-product-list-cell"><!----> <!----> <!----> <!----> <div class="mobile-product-list-cell_content"><div><!----> <div class="flag_outer-container"><!----> <!----> <!----> <!----></div></div> <div class="mobile-product-list-cell_left"><div><!----> <img src="data:image/svg+xml;base64,PD94bWwgdmVyc2lvbj0iMS4wIiBlbmNvZGluZz0idXRmLTgiPz4KPCEtLSBHZW5lcmF0ZWQgYnkgSWNvTW9vbi5pbyAtLT4KPCFET0NUWVBFIHN2ZyBQVUJMSUMgIi0vL1czQy8vRFREIFNWRyAxLjEvL0VOIiAiaHR0cDovL3d3dy53My5vcmcvR3JhcGhpY3MvU1ZHLzEuMS9EVEQvc3ZnMTEuZHRkIj4KPHN2ZyB2ZXJzaW9uPSIxLjEiIHhtbG5zPSJodHRwOi8vd3d3LnczLm9yZy8yMDAwL3N2ZyIgeG1sbnM6eGxpbms9Imh0dHA6Ly93d3cudzMub3JnLzE5OTkveGxpbmsiIHdpZHRoPSI0OCIgaGVpZ2h0PSI0OCIgdmlld0JveD0iMCAwIDQ4IDQ4Ij4KPGcgaWQ9Imljb21vb24taWdub3JlIj4KCTxsaW5lIHN0cm9rZS13aWR0aD0iMSIgeDE9IiIgeTE9IiIgeDI9IiIgeTI9IiIgc3Ryb2tlPSIjNDQ5RkRCIiBvcGFjaXR5PSIiPjwvbGluZT4KPC9nPgoJPHBhdGggZD0iTTM4LjQ4IDkuMDcwYzAuMjQ4IDAgMC40NSAwLjIwMiAwLjQ1IDAuNDV2MjguOTU5YzAgMC4yNDgtMC4yMDIgMC40NS0wLjQ1IDAuNDVoLTI4Ljk1OWMtMC4yNDggMC0wLjQ1LTAuMjAyLTAuNDUtMC40NXYtMjguOTU5YzAtMC4yNDggMC4yMDItMC40NSAwLjQ1LTAuNDVoMjguOTU5ek0zOC40OCA4aC0yOC45NTljLTAuODQgMC0xLjUyIDAuNjgxLTEuNTIgMS41MjF2MjguOTU5YzAgMC44NCAwLjY4MSAxLjUyMSAxLjUyIDEuNTIxaDI4Ljk1OWMwLjg0IDAgMS41Mi0wLjY4MSAxLjUyLTEuNTIxdi0yOC45NTljMC0wLjg0LTAuNjgxLTEuNTIxLTEuNTItMS41MjF2MHoiIG9wYWNpdHk9IjEiIHZpc2liaWxpdHk9ImZhbHNlIiBmaWxsPSIjZDdkN2Q3Ij48L3BhdGg+Cgk8cGF0aCBkPSJNMTIuMjI4IDM1LjIyNHYtMy4zMjljMC0wLjE0NSAwLjA1OC0wLjI4NSAwLjE2LTAuMzg4bDUuNTg3LTUuNTg3YzAuMjE0LTAuMjE0IDAuNTYxLTAuMjE0IDAuNzc1IDBsMi4xMTkgMi4xMTljMC4yMTQgMC4yMTQgMC41NjEgMC4yMTQgMC43NzUgMGw4LjE5MS04LjE5MmMwLjIxNC0wLjIxNCAwLjU2MS0wLjIxNCAwLjc3NSAwbDUgNWMwLjEwMyAwLjEwMyAwLjE2IDAuMjQyIDAuMTYgMC4zODh2OS45ODhjMCAwLjMwMy0wLjI0NSAwLjU0OC0wLjU0OCAwLjU0OGgtMjIuNDQ3Yy0wLjMwMyAwLTAuNTQ4LTAuMjQ1LTAuNTQ4LTAuNTQ4eiIgb3BhY2l0eT0iMSIgdmlzaWJpbGl0eT0iZmFsc2UiIGZpbGw9IiNkN2Q3ZDciPjwvcGF0aD4KCTxwYXRoIGQ9Ik0yMS41NDQgMTcuOTY3YzAgMS45ODItMS42MDYgMy41ODgtMy41ODggMy41ODhzLTMuNTg4LTEuNjA2LTMuNTg4LTMuNTg4YzAtMS45ODEgMS42MDYtMy41ODggMy41ODgtMy41ODhzMy41ODggMS42MDYgMy41ODggMy41ODh6IiBvcGFjaXR5PSIxIiB2aXNpYmlsaXR5PSJmYWxzZSIgZmlsbD0iI2Q3ZDdkNyI+PC9wYXRoPgo8L3N2Zz4K" alt="Banquet Brown 'N Serve Turkey Sausage Links - 10 ct Frozen" skeleton-box-size="9rem" class="product-grid-image object-contain"></div></div> <div class="mobile-product-list-cell_info"><div class="product-tile_detail"><div class="skeleton-loader_wrapper cursor-pointer"><div class="product-grid-cell_price-container product-grid-cell_price-container--mobile"><span class="product-grid-cell_main-price"><!---->
    $2.49
  </span> <!----></div> <!----></div> <!----></div> <div class="mobile-product-list-cell_name-content"><div class="skeleton-loader_wrapper"><div class="product-grid-cell_name"><a id="product-name-22494-16760862671069774" href="#" data-opens-modal="true" aria-haspopup="dialog" class="product-grid-cell_name-text product-grid-cell_name-text--clamp-2"><!---->
    Banquet Brown 'N Serve Turkey Sausage Links - 10 ct Frozen
  </a></div> <!----> <!----></div> <div class="skeleton-loader_wrapper"><div class="product-grid-cell_sizes"><span class="product-grid-cell_size">
    6.4 OZ BOX
  </span> <span aria-hidden="true">
    |
  </span> <!----> <span class="product-grid-cell_unit">
    $6.23 / LB
  </span></div> <!----></div> <!----> <!----> <!----> <!----> <!----> <!----> <!----></div> <div class="mobile-product-list-cell_bottom"><div class="mobile-product-list-cell_bottom_cart-ui-wrapper"><!----> <!----> <div class="pdl-add-to-cart"><div class="pdl-add-to-cart_button"><button aria-label="Add to cart" data-product-id="22494" data-price="2.49" class="button button--add-to-cart">
      Add to cart
      <!----></button> <!----> <!----> <!----></div> <!----></div></div> <!----></div></div></div> <div class="product-tile_action-items"><!----> <!----> <div class="shopping-list-menu_container"><div class="relative-el"><button aria-label="add to shopping list" class="button pdl-product-detail_top-icon button--fourth pdl-product-detail_top-icon--borderless"><!----> <div class="vector-icon-size--large"><svg xmlns="http://www.w3.org/2000/svg" aria-label="Shopping List Icon Add" viewBox="0 0 32 32" role="presentation" aria-hidden="true" focusable="false" class="vector-icon-color--dark-grey"><title lang="en">Shopping List Icon Add</title><desc></desc><g fill="" stroke=""><g><path d="M21.94066,15.3368884 L21.94066,12.8931995 C21.94066,12.3409148 22.3883752,11.8931995 22.94066,11.8931995 C23.4929447,11.8931995 23.94066,12.3409148 23.94066,12.8931995 L23.94066,15.3368884 L26.2522624,15.3368884 C26.8045471,15.3368884 27.2522624,15.7846037 27.2522624,16.3368884 C27.2522624,16.8891732 26.8045471,17.3368884 26.2522624,17.3368884 L23.94066,17.3368884 L23.94066,19.8787952 C23.94066,20.43108 23.4929447,20.8787952 22.94066,20.8787952 C22.3883752,20.8787952 21.94066,20.43108 21.94066,19.8787952 L21.94066,17.3368884 L19.2666667,17.3368884 C18.7143819,17.3368884 18.2666667,16.8891732 18.2666667,16.3368884 C18.2666667,15.7846037 18.7143819,15.3368884 19.2666667,15.3368884 L21.94066,15.3368884 Z M8,12 C7.44771525,12 7,11.5522847 7,11 C7,10.4477153 7.44771525,10 8,10 L19.1153581,10 C19.6676429,10 20.1153581,10.4477153 20.1153581,11 C20.1153581,11.5522847 19.6676429,12 19.1153581,12 L8,12 Z M8,17.3368884 C7.44771525,17.3368884 7,16.8891732 7,16.3368884 C7,15.7846037 7.44771525,15.3368884 8,15.3368884 L14.7200696,15.3368884 C15.2723543,15.3368884 15.7200696,15.7846037 15.7200696,16.3368884 C15.7200696,16.8891732 15.2723543,17.3368884 14.7200696,17.3368884 L8,17.3368884 Z M8,23 C7.44771525,23 7,22.5522847 7,22 C7,21.4477153 7.44771525,21 8,21 L19.1153581,21 C19.6676429,21 20.1153581,21.4477153 20.1153581,22 C20.1153581,22.5522847 19.6676429,23 19.1153581,23 L8,23 Z" fill="#000000" fill-rule="nonzero"></path></g></g></svg></div> <div class="pdl-product-detail_list-tooltip"><p>Add item to shopping list</p> <em></em></div></button></div></div></div> <!----></li> <!----><!----> <!----> <!----> <!----> <li tabindex="-1" data-product-id="56820" class="slot mobile-product-list-cell"><!----> <!----> <!----> <!----> <div class="mobile-product-list-cell_content"><div><!----> <div class="flag_outer-container"><!----> <!----> <!----> <!----></div></div> <div class="mobile-product-list-cell_left"><div><!----> <img src="data:image/svg+xml;base64,PD94bWwgdmVyc2lvbj0iMS4wIiBlbmNvZGluZz0idXRmLTgiPz4KPCEtLSBHZW5lcmF0ZWQgYnkgSWNvTW9vbi5pbyAtLT4KPCFET0NUWVBFIHN2ZyBQVUJMSUMgIi0vL1czQy8vRFREIFNWRyAxLjEvL0VOIiAiaHR0cDovL3d3dy53My5vcmcvR3JhcGhpY3MvU1ZHLzEuMS9EVEQvc3ZnMTEuZHRkIj4KPHN2ZyB2ZXJzaW9uPSIxLjEiIHhtbG5zPSJodHRwOi8vd3d3LnczLm9yZy8yMDAwL3N2ZyIgeG1sbnM6eGxpbms9Imh0dHA6Ly93d3cudzMub3JnLzE5OTkveGxpbmsiIHdpZHRoPSI0OCIgaGVpZ2h0PSI0OCIgdmlld0JveD0iMCAwIDQ4IDQ4Ij4KPGcgaWQ9Imljb21vb24taWdub3JlIj4KCTxsaW5lIHN0cm9rZS13aWR0aD0iMSIgeDE9IiIgeTE9IiIgeDI9IiIgeTI9IiIgc3Ryb2tlPSIjNDQ5RkRCIiBvcGFjaXR5PSIiPjwvbGluZT4KPC9nPgoJPHBhdGggZD0iTTM4LjQ4IDkuMDcwYzAuMjQ4IDAgMC40NSAwLjIwMiAwLjQ1IDAuNDV2MjguOTU5YzAgMC4yNDgtMC4yMDIgMC40NS0wLjQ1IDAuNDVoLTI4Ljk1OWMtMC4yNDggMC0wLjQ1LTAuMjAyLTAuNDUtMC40NXYtMjguOTU5YzAtMC4yNDggMC4yMDItMC40NSAwLjQ1LTAuNDVoMjguOTU5ek0zOC40OCA4aC0yOC45NTljLTAuODQgMC0xLjUyIDAuNjgxLTEuNTIgMS41MjF2MjguOTU5YzAgMC44NCAwLjY4MSAxLjUyMSAxLjUyIDEuNTIxaDI4Ljk1OWMwLjg0IDAgMS41Mi0wLjY4MSAxLjUyLTEuNTIxdi0yOC45NTljMC0wLjg0LTAuNjgxLTEuNTIxLTEuNTItMS41MjF2MHoiIG9wYWNpdHk9IjEiIHZpc2liaWxpdHk9ImZhbHNlIiBmaWxsPSIjZDdkN2Q3Ij48L3BhdGg+Cgk8cGF0aCBkPSJNMTIuMjI4IDM1LjIyNHYtMy4zMjljMC0wLjE0NSAwLjA1OC0wLjI4NSAwLjE2LTAuMzg4bDUuNTg3LTUuNTg3YzAuMjE0LTAuMjE0IDAuNTYxLTAuMjE0IDAuNzc1IDBsMi4xMTkgMi4xMTljMC4yMTQgMC4yMTQgMC41NjEgMC4yMTQgMC43NzUgMGw4LjE5MS04LjE5MmMwLjIxNC0wLjIxNCAwLjU2MS0wLjIxNCAwLjc3NSAwbDUgNWMwLjEwMyAwLjEwMyAwLjE2IDAuMjQyIDAuMTYgMC4zODh2OS45ODhjMCAwLjMwMy0wLjI0NSAwLjU0OC0wLjU0OCAwLjU0OGgtMjIuNDQ3Yy0wLjMwMyAwLTAuNTQ4LTAuMjQ1LTAuNTQ4LTAuNTQ4eiIgb3BhY2l0eT0iMSIgdmlzaWJpbGl0eT0iZmFsc2UiIGZpbGw9IiNkN2Q3ZDciPjwvcGF0aD4KCTxwYXRoIGQ9Ik0yMS41NDQgMTcuOTY3YzAgMS45ODItMS42MDYgMy41ODgtMy41ODggMy41ODhzLTMuNTg4LTEuNjA2LTMuNTg4LTMuNTg4YzAtMS45ODEgMS42MDYtMy41ODggMy41ODgtMy41ODhzMy41ODggMS42MDYgMy41ODggMy41ODh6IiBvcGFjaXR5PSIxIiB2aXNpYmlsaXR5PSJmYWxzZSIgZmlsbD0iI2Q3ZDdkNyI+PC9wYXRoPgo8L3N2Zz4K" alt="Stop &amp; Shop Bakery French Bread" skeleton-box-size="9rem" class="product-grid-image object-contain"></div></div> <div class="mobile-product-list-cell_info"><div class="product-tile_detail"><div class="skeleton-loader_wrapper cursor-pointer"><div class="product-grid-cell_price-container product-grid-cell_price-container--mobile"><span class="product-grid-cell_main-price"><!---->
    $2.99
  </span> <!----></div> <!----></div> <!----></div> <div class="mobile-product-list-cell_name-content"><div class="skeleton-loader_wrapper"><div class="product-grid-cell_name"><a id="product-name-56820-16760862671089648" href="#" data-opens-modal="true" aria-haspopup="dialog" class="product-grid-cell_name-text product-grid-cell_name-text--clamp-2"><span class="vector-icon_inline-text--left mr-0"><div class="vector-icon-size--xsmall"><svg xmlns="http://www.w3.org/2000/svg" aria-label="Ahold Icon" viewBox="0 0 1024 945" role="presentation" aria-hidden="true" focusable="false" class=""><title lang="en">Ahold Icon</title><desc></desc><g fill="" stroke=""><g><path d="M1.893 730.617c-1.289-2.094-2.052-4.631-2.052-7.346 0-.747.058-1.481.169-2.197.158-12.396 10.227-22.466 22.687-22.634h895.306c12.476.168 22.545 10.237 22.713 22.698-.521 3.721-1.182 6.924-2.024 10.053l.131-.574c-86.363 175.072-263.598 293.385-468.466 293.385S88.254 905.689 3.252 733.663l-1.361-3.046z" fill="#F7A800" class="path1"></path> <path d="M107.889 132.495c1.893-1.893 1.893-3.786 3.786-5.678 2.98-3.491 7.385-5.69 12.303-5.69s9.323 2.199 12.284 5.668l.019.022L613.264 603.8c3.491 2.98 5.69 7.385 5.69 12.303s-2.199 9.323-5.668 12.284c-1.399 1.869-3.361 3.216-5.631 3.789l-.069.015c-38.446 13.732-82.796 21.669-129.001 21.669-108.416 0-206.626-43.699-277.977-114.443C130.241 467.591 86.799 369.1 86.799 260.462c0-45.803 7.722-89.803 21.936-130.767l-.845 2.8z" fill="#E2231A" class="path2"></path> <path d="M600.015 1.893a6.922 6.922 0 0 1 5.713-1.889c.057-.006.164-.007.272-.007 7.15 0 12.947 5.796 12.947 12.947 0 .108-.001.215-.004.322v-.016 503.482c.002.091.004.199.004.306 0 7.15-5.796 12.947-12.947 12.947-.108 0-.215-.001-.322-.004a6.925 6.925 0 0 1-5.665-1.895l.002.002c-98.273-48.542-164.673-148.065-164.673-263.098S501.743 50.434 598.306 2.657l1.709-.765z" fill="#712177" class="path3"></path> <path d="M938.824 283.919c1.893 0 1.893 1.893 3.786 1.893 1.765 2.012 2.841 4.666 2.841 7.571s-1.077 5.559-2.853 7.584l.011-.013-268.776 266.884c-2.012 1.765-4.666 2.841-7.571 2.841s-5.559-1.077-7.584-2.853a3.774 3.774 0 0 1-1.877-3.793l-.002.019c-7.681-21.529-12.12-46.363-12.12-72.235 0-61.263 24.891-116.712 65.111-156.786 39.326-39.792 93.895-64.431 154.219-64.431 26.857 0 52.573 4.884 76.309 13.812l-1.494-.493z" fill="#82BC00" class="path4"></path></g></g></svg></div></span>
    Stop &amp; Shop Bakery French Bread
  </a></div> <!----> <!----></div> <div class="skeleton-loader_wrapper"><div class="product-grid-cell_sizes"><span class="product-grid-cell_size">
    16 OZ PKG
  </span> <span aria-hidden="true">
    |
  </span> <!----> <span class="product-grid-cell_unit">
    $0.19 / OZ
  </span></div> <!----></div> <!----> <!----> <!----> <!----> <!----> <!----> <!----></div> <div class="mobile-product-list-cell_bottom"><div class="mobile-product-list-cell_bottom_cart-ui-wrapper"><!----> <!----> <div class="pdl-add-to-cart"><div class="pdl-add-to-cart_button"><button aria-label="Add to cart" data-product-id="56820" data-price="2.99" class="button button--add-to-cart">
      Add to cart
      <!----></button> <!----> <!----> <!----></div> <!----></div></div> <!----></div></div></div> <div class="product-tile_action-items"><!----> <!----> <div class="shopping-list-menu_container"><div class="relative-el"><button aria-label="add to shopping list" class="button pdl-product-detail_top-icon button--fourth pdl-product-detail_top-icon--borderless"><!----> <div class="vector-icon-size--large"><svg xmlns="http://www.w3.org/2000/svg" aria-label="Shopping List Icon Add" viewBox="0 0 32 32" role="presentation" aria-hidden="true" focusable="false" class="vector-icon-color--dark-grey"><title lang="en">Shopping List Icon Add</title><desc></desc><g fill="" stroke=""><g><path d="M21.94066,15.3368884 L21.94066,12.8931995 C21.94066,12.3409148 22.3883752,11.8931995 22.94066,11.8931995 C23.4929447,11.8931995 23.94066,12.3409148 23.94066,12.8931995 L23.94066,15.3368884 L26.2522624,15.3368884 C26.8045471,15.3368884 27.2522624,15.7846037 27.2522624,16.3368884 C27.2522624,16.8891732 26.8045471,17.3368884 26.2522624,17.3368884 L23.94066,17.3368884 L23.94066,19.8787952 C23.94066,20.43108 23.4929447,20.8787952 22.94066,20.8787952 C22.3883752,20.8787952 21.94066,20.43108 21.94066,19.8787952 L21.94066,17.3368884 L19.2666667,17.3368884 C18.7143819,17.3368884 18.2666667,16.8891732 18.2666667,16.3368884 C18.2666667,15.7846037 18.7143819,15.3368884 19.2666667,15.3368884 L21.94066,15.3368884 Z M8,12 C7.44771525,12 7,11.5522847 7,11 C7,10.4477153 7.44771525,10 8,10 L19.1153581,10 C19.6676429,10 20.1153581,10.4477153 20.1153581,11 C20.1153581,11.5522847 19.6676429,12 19.1153581,12 L8,12 Z M8,17.3368884 C7.44771525,17.3368884 7,16.8891732 7,16.3368884 C7,15.7846037 7.44771525,15.3368884 8,15.3368884 L14.7200696,15.3368884 C15.2723543,15.3368884 15.7200696,15.7846037 15.7200696,16.3368884 C15.7200696,16.8891732 15.2723543,17.3368884 14.7200696,17.3368884 L8,17.3368884 Z M8,23 C7.44771525,23 7,22.5522847 7,22 C7,21.4477153 7.44771525,21 8,21 L19.1153581,21 C19.6676429,21 20.1153581,21.4477153 20.1153581,22 C20.1153581,22.5522847 19.6676429,23 19.1153581,23 L8,23 Z" fill="#000000" fill-rule="nonzero"></path></g></g></svg></div> <div class="pdl-product-detail_list-tooltip"><p>Add item to shopping list</p> <em></em></div></button></div></div></div> <!----></li> <!----><!----> <!----> <!----> <!----> <li tabindex="-1" data-product-id="106206" class="slot mobile-product-list-cell"><!----> <!----> <!----> <!----> <div class="mobile-product-list-cell_content"><div><!----> <div class="flag_outer-container"><!----> <!----> <!----> <!----></div></div> <div class="mobile-product-list-cell_left"><div><!----> <img src="data:image/svg+xml;base64,PD94bWwgdmVyc2lvbj0iMS4wIiBlbmNvZGluZz0idXRmLTgiPz4KPCEtLSBHZW5lcmF0ZWQgYnkgSWNvTW9vbi5pbyAtLT4KPCFET0NUWVBFIHN2ZyBQVUJMSUMgIi0vL1czQy8vRFREIFNWRyAxLjEvL0VOIiAiaHR0cDovL3d3dy53My5vcmcvR3JhcGhpY3MvU1ZHLzEuMS9EVEQvc3ZnMTEuZHRkIj4KPHN2ZyB2ZXJzaW9uPSIxLjEiIHhtbG5zPSJodHRwOi8vd3d3LnczLm9yZy8yMDAwL3N2ZyIgeG1sbnM6eGxpbms9Imh0dHA6Ly93d3cudzMub3JnLzE5OTkveGxpbmsiIHdpZHRoPSI0OCIgaGVpZ2h0PSI0OCIgdmlld0JveD0iMCAwIDQ4IDQ4Ij4KPGcgaWQ9Imljb21vb24taWdub3JlIj4KCTxsaW5lIHN0cm9rZS13aWR0aD0iMSIgeDE9IiIgeTE9IiIgeDI9IiIgeTI9IiIgc3Ryb2tlPSIjNDQ5RkRCIiBvcGFjaXR5PSIiPjwvbGluZT4KPC9nPgoJPHBhdGggZD0iTTM4LjQ4IDkuMDcwYzAuMjQ4IDAgMC40NSAwLjIwMiAwLjQ1IDAuNDV2MjguOTU5YzAgMC4yNDgtMC4yMDIgMC40NS0wLjQ1IDAuNDVoLTI4Ljk1OWMtMC4yNDggMC0wLjQ1LTAuMjAyLTAuNDUtMC40NXYtMjguOTU5YzAtMC4yNDggMC4yMDItMC40NSAwLjQ1LTAuNDVoMjguOTU5ek0zOC40OCA4aC0yOC45NTljLTAuODQgMC0xLjUyIDAuNjgxLTEuNTIgMS41MjF2MjguOTU5YzAgMC44NCAwLjY4MSAxLjUyMSAxLjUyIDEuNTIxaDI4Ljk1OWMwLjg0IDAgMS41Mi0wLjY4MSAxLjUyLTEuNTIxdi0yOC45NTljMC0wLjg0LTAuNjgxLTEuNTIxLTEuNTItMS41MjF2MHoiIG9wYWNpdHk9IjEiIHZpc2liaWxpdHk9ImZhbHNlIiBmaWxsPSIjZDdkN2Q3Ij48L3BhdGg+Cgk8cGF0aCBkPSJNMTIuMjI4IDM1LjIyNHYtMy4zMjljMC0wLjE0NSAwLjA1OC0wLjI4NSAwLjE2LTAuMzg4bDUuNTg3LTUuNTg3YzAuMjE0LTAuMjE0IDAuNTYxLTAuMjE0IDAuNzc1IDBsMi4xMTkgMi4xMTljMC4yMTQgMC4yMTQgMC41NjEgMC4yMTQgMC43NzUgMGw4LjE5MS04LjE5MmMwLjIxNC0wLjIxNCAwLjU2MS0wLjIxNCAwLjc3NSAwbDUgNWMwLjEwMyAwLjEwMyAwLjE2IDAuMjQyIDAuMTYgMC4zODh2OS45ODhjMCAwLjMwMy0wLjI0NSAwLjU0OC0wLjU0OCAwLjU0OGgtMjIuNDQ3Yy0wLjMwMyAwLTAuNTQ4LTAuMjQ1LTAuNTQ4LTAuNTQ4eiIgb3BhY2l0eT0iMSIgdmlzaWJpbGl0eT0iZmFsc2UiIGZpbGw9IiNkN2Q3ZDciPjwvcGF0aD4KCTxwYXRoIGQ9Ik0yMS41NDQgMTcuOTY3YzAgMS45ODItMS42MDYgMy41ODgtMy41ODggMy41ODhzLTMuNTg4LTEuNjA2LTMuNTg4LTMuNTg4YzAtMS45ODEgMS42MDYtMy41ODggMy41ODgtMy41ODhzMy41ODggMS42MDYgMy41ODggMy41ODh6IiBvcGFjaXR5PSIxIiB2aXNpYmlsaXR5PSJmYWxzZSIgZmlsbD0iI2Q3ZDdkNyI+PC9wYXRoPgo8L3N2Zz4K" alt="Stop &amp; Shop Deli Roast Beef Medium Cooked (Thin Sliced)" skeleton-box-size="9rem" class="product-grid-image object-contain"></div></div> <div class="mobile-product-list-cell_info"><div class="product-tile_detail"><div class="skeleton-loader_wrapper cursor-pointer"><div class="product-grid-cell_price-container product-grid-cell_price-container--mobile"><span class="product-grid-cell_main-price"><!---->
    $6.50
  </span> <!----></div> <!----></div> <!----></div> <div class="mobile-product-list-cell_name-content"><div class="skeleton-loader_wrapper"><div class="product-grid-cell_name"><a id="product-name-106206-16760862671102216" href="#" data-opens-modal="true" aria-haspopup="dialog" class="product-grid-cell_name-text product-grid-cell_name-text--clamp-2"><span class="vector-icon_inline-text--left mr-0"><div class="vector-icon-size--xsmall"><svg xmlns="http://www.w3.org/2000/svg" aria-label="Ahold Icon" viewBox="0 0 1024 945" role="presentation" aria-hidden="true" focusable="false" class=""><title lang="en">Ahold Icon</title><desc></desc><g fill="" stroke=""><g><path d="M1.893 730.617c-1.289-2.094-2.052-4.631-2.052-7.346 0-.747.058-1.481.169-2.197.158-12.396 10.227-22.466 22.687-22.634h895.306c12.476.168 22.545 10.237 22.713 22.698-.521 3.721-1.182 6.924-2.024 10.053l.131-.574c-86.363 175.072-263.598 293.385-468.466 293.385S88.254 905.689 3.252 733.663l-1.361-3.046z" fill="#F7A800" class="path1"></path> <path d="M107.889 132.495c1.893-1.893 1.893-3.786 3.786-5.678 2.98-3.491 7.385-5.69 12.303-5.69s9.323 2.199 12.284 5.668l.019.022L613.264 603.8c3.491 2.98 5.69 7.385 5.69 12.303s-2.199 9.323-5.668 12.284c-1.399 1.869-3.361 3.216-5.631 3.789l-.069.015c-38.446 13.732-82.796 21.669-129.001 21.669-108.416 0-206.626-43.699-277.977-114.443C130.241 467.591 86.799 369.1 86.799 260.462c0-45.803 7.722-89.803 21.936-130.767l-.845 2.8z" fill="#E2231A" class="path2"></path> <path d="M600.015 1.893a6.922 6.922 0 0 1 5.713-1.889c.057-.006.164-.007.272-.007 7.15 0 12.947 5.796 12.947 12.947 0 .108-.001.215-.004.322v-.016 503.482c.002.091.004.199.004.306 0 7.15-5.796 12.947-12.947 12.947-.108 0-.215-.001-.322-.004a6.925 6.925 0 0 1-5.665-1.895l.002.002c-98.273-48.542-164.673-148.065-164.673-263.098S501.743 50.434 598.306 2.657l1.709-.765z" fill="#712177" class="path3"></path> <path d="M938.824 283.919c1.893 0 1.893 1.893 3.786 1.893 1.765 2.012 2.841 4.666 2.841 7.571s-1.077 5.559-2.853 7.584l.011-.013-268.776 266.884c-2.012 1.765-4.666 2.841-7.571 2.841s-5.559-1.077-7.584-2.853a3.774 3.774 0 0 1-1.877-3.793l-.002.019c-7.681-21.529-12.12-46.363-12.12-72.235 0-61.263 24.891-116.712 65.111-156.786 39.326-39.792 93.895-64.431 154.219-64.431 26.857 0 52.573 4.884 76.309 13.812l-1.494-.493z" fill="#82BC00" class="path4"></path></g></g></svg></div></span>
    Stop &amp; Shop Deli Roast Beef Medium Cooked (Thin Sliced)
  </a></div> <!----> <!----></div> <div class="skeleton-loader_wrapper"><div class="product-grid-cell_sizes"><span class="product-grid-cell_size">
    APX 1/2 LB
  </span> <span aria-hidden="true">
    |
  </span> <!----> <span class="product-grid-cell_unit">
    $12.99 / LB
  </span></div> <!----></div> <!----> <!----> <!----> <!----> <!----> <!----> <!----></div> <div class="mobile-product-list-cell_bottom"><div class="mobile-product-list-cell_bottom_cart-ui-wrapper"><!----> <!----> <div class="pdl-add-to-cart"><div class="pdl-add-to-cart_button"><button aria-label="Add to cart" data-product-id="106206" data-price="6.5" class="button button--add-to-cart">
      Add to cart
      <!----></button> <!----> <!----> <!----></div> <!----></div></div> <!----></div></div></div> <div class="product-tile_action-items"><!----> <!----> <div class="shopping-list-menu_container"><div class="relative-el"><button aria-label="add to shopping list" class="button pdl-product-detail_top-icon button--fourth pdl-product-detail_top-icon--borderless"><!----> <div class="vector-icon-size--large"><svg xmlns="http://www.w3.org/2000/svg" aria-label="Shopping List Icon Add" viewBox="0 0 32 32" role="presentation" aria-hidden="true" focusable="false" class="vector-icon-color--dark-grey"><title lang="en">Shopping List Icon Add</title><desc></desc><g fill="" stroke=""><g><path d="M21.94066,15.3368884 L21.94066,12.8931995 C21.94066,12.3409148 22.3883752,11.8931995 22.94066,11.8931995 C23.4929447,11.8931995 23.94066,12.3409148 23.94066,12.8931995 L23.94066,15.3368884 L26.2522624,15.3368884 C26.8045471,15.3368884 27.2522624,15.7846037 27.2522624,16.3368884 C27.2522624,16.8891732 26.8045471,17.3368884 26.2522624,17.3368884 L23.94066,17.3368884 L23.94066,19.8787952 C23.94066,20.43108 23.4929447,20.8787952 22.94066,20.8787952 C22.3883752,20.8787952 21.94066,20.43108 21.94066,19.8787952 L21.94066,17.3368884 L19.2666667,17.3368884 C18.7143819,17.3368884 18.2666667,16.8891732 18.2666667,16.3368884 C18.2666667,15.7846037 18.7143819,15.3368884 19.2666667,15.3368884 L21.94066,15.3368884 Z M8,12 C7.44771525,12 7,11.5522847 7,11 C7,10.4477153 7.44771525,10 8,10 L19.1153581,10 C19.6676429,10 20.1153581,10.4477153 20.1153581,11 C20.1153581,11.5522847 19.6676429,12 19.1153581,12 L8,12 Z M8,17.3368884 C7.44771525,17.3368884 7,16.8891732 7,16.3368884 C7,15.7846037 7.44771525,15.3368884 8,15.3368884 L14.7200696,15.3368884 C15.2723543,15.3368884 15.7200696,15.7846037 15.7200696,16.3368884 C15.7200696,16.8891732 15.2723543,17.3368884 14.7200696,17.3368884 L8,17.3368884 Z M8,23 C7.44771525,23 7,22.5522847 7,22 C7,21.4477153 7.44771525,21 8,21 L19.1153581,21 C19.6676429,21 20.1153581,21.4477153 20.1153581,22 C20.1153581,22.5522847 19.6676429,23 19.1153581,23 L8,23 Z" fill="#000000" fill-rule="nonzero"></path></g></g></svg></div> <div class="pdl-product-detail_list-tooltip"><p>Add item to shopping list</p> <em></em></div></button></div></div></div> <!----></li> <!----></ul></div> <!----> <!----></div> <div class="product-view--load-more"><button id="show-more-button" type="submit" class="button button--prime button button--second button-width--lg"><!----> Show More </button> <!----></div></div> <!----> <!----> <!----> <!----></div></div> <!----> <!----></div></div></div></div></div> <!----> <!----> <div class="chat fixed"><div class="launchchat flex items-center justify-center rounded"><button aria-label="Launch chat" class="launchchat-button border border-solid"><div class="vector-icon-size--large flex justify-center align-center"><svg xmlns="http://www.w3.org/2000/svg" aria-label="CarrotLeft" viewBox="0 0 32 32" role="presentation" aria-hidden="true" focusable="false" class=""><title lang="en">CarrotLeft</title><desc></desc><g fill="white" stroke=""><g><path d="M11.3413293,5.64 L11.3413293,5.77086565 L11.2950114,5.77846976 C7.58642302,6.45502076 4.8,9.69702643 4.8,13.5695795 L4.804508,13.8384085 C4.90944073,16.9638182 6.83736605,19.6957162 9.65517453,20.8798148 L9.70843852,20.9004975 L9.70892682,26.3739974 L15.2282345,21.499159 L19.2704205,21.499159 C23.6498149,21.499159 27.2,17.9489738 27.2,13.5695795 C27.2,9.19018515 23.6498149,5.64 19.2704205,5.64 L11.3413293,5.64 Z M12.3751035,7.61254129 L12.69198,7.59321867 L19.2704205,7.59321867 C22.571082,7.59321867 25.2467813,10.268918 25.2467813,13.5695795 C25.2467813,16.870241 22.571082,19.5459403 19.2704205,19.5459403 L14.4905808,19.5459403 L11.6616572,22.0431304 L11.6621455,19.4942309 L10.9722923,19.282333 C8.48441154,18.5181463 6.75321867,16.2122725 6.75321867,13.5695795 C6.75321867,10.4041473 9.22541569,7.79722178 12.3751035,7.61254129 Z" fill-rule="nonzero"></path></g></g></svg></div></button></div> <div class="chatwindow " style="display: none;"><header class="chatwindow-header flex items-center justify-between"><div class="chatwindow-header_title flex flex-row items-center justify-start font-semibold"><!----> <div class="chatwindow-header_text chatwindow-header_text-solo">
        Stop &amp; Shop Chat
      </div></div> <div class="flex justify-end items-center"><div class="chatwindow-close"><button aria-label="close chat" class="chatwindow-header_button h-12 w-12 p-0 leading-none flex-shrink-0 btn"><div class="vector-icon-size--xsmall"><svg xmlns="http://www.w3.org/2000/svg" aria-label="Minus" viewBox="0 0 32 32" role="presentation" aria-hidden="true" focusable="false" class="vector-icon-color--white"><title lang="en">Minus</title><desc></desc><g fill="" stroke="black"><path d="M0 12.574h32v6.859H0v-6.859z"></path></g></svg></div></button> <button aria-label="close chat" class="chatwindow-header_button h-12 w-12 p-0 leading-none flex-shrink-0 btn"><div class="vector-icon-size--xsmall"><svg xmlns="http://www.w3.org/2000/svg" aria-label="Close" viewBox="0 0 32 32" role="presentation" aria-hidden="true" focusable="false" class="vector-icon-color--white"><title lang="en">Close</title><desc></desc><g fill="" stroke="black"><path d="M.646 31.354a2.21 2.21 0 0 0 3.123 0l12.23-12.23 12.23 12.23c.861.861 2.262.861 3.123 0s.861-2.262 0-3.123l-12.23-12.23 12.23-12.23c.861-.861.861-2.262 0-3.123s-2.262-.861-3.123 0l-12.23 12.23L3.769.648c-.861-.861-2.262-.861-3.123 0s-.861 2.262 0 3.123l12.23 12.23-12.23 12.23a2.209 2.209 0 0 0 0 3.123z"></path></g></svg></div></button></div></div></header> <div class="chatwindow-content overflow-x-hidden"><div class="h-full"><!----> <!----> <!----> <!----></div> <!----></div></div></div></div>


<iframe src="https://a8474790541.cdn.optimizely.com/client_storage/a8474790541.html" hidden="" tabindex="-1" title="Optimizely Internal Frame" height="0" width="0" style="display: none;"></iframe><script type="text/javascript" id="">(function(f){function g(c,a,b){if(c.addEventListener)c.addEventListener(a,b);else if(c.attachEvent)c.attachEvent("on"+a,function(d){b.call(c,d)});else if("undefined"===typeof c["on"+a]||null===c["on"+a])c["on"+a]=function(d){b.call(c,d)}}g(f,"message",function(c){try{var a=JSON.parse(c.data),b=f.dataLayer||(f.dataLayer=[]);"iframeQualtricsShown"===a.event&&b.push({event:"qualtricsSurveyShown",qSurvey:a.survey});"iframeQualtricsSubmit"===a.event&&b.push({event:"qualtricsSurveySubmit",qSurvey:a.survey});
if("iframeQualtrics"===a.event){var d=a.questionId,e=a.answer;"QID98"===d&&b.push({event:"qaultricsAnswer","qual-1":6-e});"QID128211669"===d&&b.push({event:"qaultricsAnswer","qual-2":e});"QID128211658"===d&&b.push({event:"qaultricsAnswer","qual-3":8-e});"QID103"===d&&b.push({event:"qaultricsAnswer","qual-4":8-e});"QID128211659"===d&&b.push({event:"qaultricsAnswer","qual-5":8-e});"QID107"===d&&b.push({event:"qaultricsAnswer","qual-6":8-e});"QID108"===d&&b.push({event:"qaultricsAnswer","qual-7":e})}}catch(h){}})})(window);</script><script type="text/javascript" id="">var cookieNameCampaign="lr_utm_campaign",cookieValueCampaign=google_tag_manager["GTM-PN7ML7L"].macro(54)?google_tag_manager["GTM-PN7ML7L"].macro(55):google_tag_manager["GTM-PN7ML7L"].macro(56)||"(not set)",cookieNameMedium="lr_utm_medium",cookieValueMedium=google_tag_manager["GTM-PN7ML7L"].macro(57)?google_tag_manager["GTM-PN7ML7L"].macro(58):google_tag_manager["GTM-PN7ML7L"].macro(59)||"(none)",cookieNameSource="lr_utm_source",cookieValueSource=google_tag_manager["GTM-PN7ML7L"].macro(60)?google_tag_manager["GTM-PN7ML7L"].macro(61):google_tag_manager["GTM-PN7ML7L"].macro(62)||"(direct)",cookiePath="/",expirationTime=new Date(+new Date+5184E6);
document.cookie=cookieNameCampaign+"\x3d"+cookieValueCampaign+"; expires\x3d"+expirationTime+"; path\x3d"+cookiePath;document.cookie=cookieNameMedium+"\x3d"+cookieValueMedium+"; expires\x3d"+expirationTime+"; path\x3d"+cookiePath;document.cookie=cookieNameSource+"\x3d"+cookieValueSource+"; expires\x3d"+expirationTime+"; path\x3d"+cookiePath;</script><script type="text/javascript" id="">window.dataLayer=window.dataLayer||[];window.dataLayer.push({event:"dli-cid","ga-cid":google_tag_manager["GTM-PN7ML7L"].macro(90)});</script><script type="text/javascript" id="">var userAgent=window.navigator.userAgent.toLowerCase(),mobile=/mobile/.test(userAgent),safari=/safari/.test(userAgent),ios=/iphone|ipod|ipad/.test(userAgent),androidWV=/; wv\)/.test(userAgent),android=/android/.test(userAgent);window.dataLayer=window.dataLayer||[];
mobile?ios?safari?window.dataLayer.push({event:"gt-platformAgent",platformAgent:"ios mobile web"}):safari||window.dataLayer.push({event:"gt-platformAgent",platformAgent:"ios app"}):androidWV?window.dataLayer.push({event:"gt-platformAgent",platformAgent:"android app"}):android?window.dataLayer.push({event:"gt-platformAgent",platformAgent:"android mobile web"}):window.dataLayer.push({event:"gt-platformAgent",platformAgent:"other mobile web"}):window.dataLayer.push({event:"gt-platformAgent",platformAgent:"desktop"});</script>
<script type="text/javascript" id="">(function(){var l=function(e,g,f,h){this.get=function(a){a+="\x3d";for(var b=document.cookie.split(";"),c=0,k=b.length;c<k;c++){for(var d=b[c];" "==d.charAt(0);)d=d.substring(1,d.length);if(0==d.indexOf(a))return d.substring(a.length,d.length)}return null};this.set=function(a,b){var c=new Date;c.setTime(c.getTime()+6048E5);c="; expires\x3d"+c.toGMTString();document.cookie=a+"\x3d"+b+c+"; path\x3d/; "};this.check=function(){var a=this.get(f);if(a)a=a.split(":");else if(100!=e)"v"==g&&(e=Math.random()>=
e/100?0:100),a=[g,e,0],this.set(f,a.join(":"));else return!0;var b=a[1];if(100==b)return!0;switch(a[0]){case "v":return!1;case "r":return b=a[2]%Math.floor(100/b),a[2]++,this.set(f,a.join(":")),!b}return!0};this.go=function(){if(this.check()){var a=document.createElement("script");a.type="text/javascript";a.src=h;document.body&&document.body.appendChild(a)}};this.start=function(){var a=this;"complete"!==document.readyState?window.addEventListener?window.addEventListener("load",function(){a.go()},
!1):window.attachEvent&&window.attachEvent("onload",function(){a.go()}):a.go()}};try{(new l(100,"r","QSI_S_ZN_3f8e6TCEOtW1Rnn","https://zn3f8e6tceotw1rnn-aholddelhaize.siteintercept.qualtrics.com/SIE/?Q_ZID\x3dZN_3f8e6TCEOtW1Rnn")).start()}catch(e){}})();</script><div id="ZN_3f8e6TCEOtW1Rnn"></div>
<div style="display: none; visibility: hidden;"><script>var DATALAYER_OBJECT_NAME="dataLayer",referrerOverride=function(a){var b=window[DATALAYER_OBJECT_NAME]||[];b.push({event:"optimizely-referrer-override","optimizely-referrer":a})},sendCampaignData=function(a,b){if(a=optimizely.get("data")&&optimizely.get("data").campaigns[a]&&optimizely.get("data").campaigns[a].integrationSettings&&optimizely.get("data").campaigns[a].integrationSettings.google_universal_analytics&&optimizely.get("data").campaigns[a].integrationSettings.google_universal_analytics.universal_analytics_slot){var e=
window[DATALAYER_OBJECT_NAME]||[];e.push({event:"campaign-decided","optimizely-dimension-value":b,"optimizely-dimension-number":a})}},initNewOptimizelyIntegration=function(a,b){var e=!1,d=function(f){var c=window.optimizely.get&&window.optimizely.get("state"),d=c.getRedirectInfo()&&c.getRedirectInfo().referrer;!e&&d&&(a(d),e=!0);c=c.getDecisionString({campaignId:f});b(f,c)},g=function(){window.optimizely=window.optimizely||[];window.optimizely.push({type:"addListener",filter:{type:"lifecycle",name:"campaignDecided"},
handler:function(a){a=a.data.campaign.id;d(a)}})},h=function(){var a=window.optimizely&&window.optimizely.get&&window.optimizely.get("state");if(a){a=a.getCampaignStates({isActive:!0});for(var b in a)d(b)}};h();g()},initOptimizelyIntegration=function(a,b){initNewOptimizelyIntegration(a,b)};initOptimizelyIntegration(referrerOverride,sendCampaignData);</script></div>
<img style="display: none;" src="https://di.rlcdn.com/711083.gif?pdata=brand%3DSTSH%2Cloyaltyid%3Dundefined%2Csource%3Dstopandshop.com%2Cmedium%3D%28none%29%2Ccampaign%3D%28not%20set%29%2CnumOfOrders%3D0%2CserviceType%3Dundefined%2Creferral%3Dstopandshop.com">





<script type="text/javascript" id="">window.dataLayer.push({epsilon:null});var bannerCheck=google_tag_manager["GTM-PN7ML7L"].macro(136);switch(bannerCheck){case "GNTL":var bannerCo="82344",magicID="315e9c",ePath="giantfood.com";break;case "GNTC":bannerCo="82345";magicID="697cf4";ePath="giantfoodstores.com";break;case "MRTN":bannerCo="82345";magicID="697cf4";ePath="martinsfoods.com";break;case "STSH":bannerCo="82346",magicID="e262b1",ePath="stopandshop.com"}var bannerPath=google_tag_manager["GTM-PN7ML7L"].macro(137);
if("/"===bannerPath||"/home"===bannerPath)var bannerPage="1",bannerPageName="homepage";else if(bannerPath.startsWith("/browse-aisles/categories/1/categories/")){var re=RegExp("categories/1/categories/\\d*/categories");if(re.exec(bannerPath)){bannerPage="3";bannerPageName="category";var bannerPageCat=google_tag_manager["GTM-PN7ML7L"].macro(139)}else{bannerPage="2";bannerPageName="department";var bannerPageDept=google_tag_manager["GTM-PN7ML7L"].macro(141);bannerPageCat=void 0}}else bannerPath.startsWith("/product/")?(bannerPage="5",bannerPageName=
"product detail"):("/cart"===bannerPath?(bannerPage="6",bannerPageName="cart page"):bannerPath.startsWith("/product-search/")?(bannerPage="7",bannerPageName="search results"):"Service Selection Modal"==google_tag_manager["GTM-PN7ML7L"].macro(142)&&""==google_tag_manager["GTM-PN7ML7L"].macro(143)&&"/cart"!=google_tag_manager["GTM-PN7ML7L"].macro(144)||"modal/service-type-selection-modal/pickup"===bannerPath||"modal/service-type-selection-modal/delivery"===bannerPath||"modal/service-type-selection-modal/instore"===bannerPath?(bannerPage="10",bannerPageName="store locator"):
"/past-purchases"===bannerPath?(bannerPage="17",bannerPageName="past purchases"):"/savings"===bannerPath?(bannerPage="18",bannerPageName="all specials"):bannerPath.startsWith("/pages/")?(bannerPage="19",bannerPageName="all splash pages"):"modal/service-type-selection-modal/serviceType"===bannerPath?(bannerPage="11",bannerPageName="shopping method"):"/registration/loyalty-success"===bannerPath?(bannerPage="941",bannerPageName="account signup"):bannerPath.startsWith("/account")?bannerPath.startsWith("/account/payment/")?
(bannerPage="21",bannerPageName="enter payment information"):(bannerPage="942",bannerPageName="account center"):(bannerPage="00",bannerPageName="general browsing"),bannerPageCat=bannerPageDept=void 0);window.dataLayer=window.dataLayer||[];window.dataLayer.push({event:"epsilon-visit-tag-values",epsilon:{epsilonBanner:bannerCo,epsilonTagPath:ePath,epsilonMagicID:magicID,epsilonPage:bannerPage,epsilonPageName:bannerPageName,epsilonDept:bannerPageDept,epsilonCat:bannerPageCat}});</script>

<script type="text/javascript" id="">(function(){var l=function(e,g,f,h){this.get=function(a){a+="\x3d";for(var b=document.cookie.split(";"),c=0,k=b.length;c<k;c++){for(var d=b[c];" "==d.charAt(0);)d=d.substring(1,d.length);if(0==d.indexOf(a))return d.substring(a.length,d.length)}return null};this.set=function(a,b){var c=new Date;c.setTime(c.getTime()+6048E5);c="; expires\x3d"+c.toGMTString();document.cookie=a+"\x3d"+b+c+"; path\x3d/; "};this.check=function(){var a=this.get(f);if(a)a=a.split(":");else if(100!=e)"v"==g&&(e=Math.random()>=
e/100?0:100),a=[g,e,0],this.set(f,a.join(":"));else return!0;var b=a[1];if(100==b)return!0;switch(a[0]){case "v":return!1;case "r":return b=a[2]%Math.floor(100/b),a[2]++,this.set(f,a.join(":")),!b}return!0};this.go=function(){if(this.check()){var a=document.createElement("script");a.type="text/javascript";a.src=h;document.body&&document.body.appendChild(a)}};this.start=function(){var a=this;"complete"!==document.readyState?window.addEventListener?window.addEventListener("load",function(){a.go()},
!1):window.attachEvent&&window.attachEvent("onload",function(){a.go()}):a.go()}};try{(new l(100,"r","QSI_S_ZN_3f8e6TCEOtW1Rnn","https://zn3f8e6tceotw1rnn-aholddelhaize.siteintercept.qualtrics.com/SIE/?Q_ZID\x3dZN_3f8e6TCEOtW1Rnn")).start()}catch(e){}})();</script><div id="ZN_3f8e6TCEOtW1Rnn"></div>

<script type="text/javascript" id="">window.dataLayer.push({epsilon:null});var bannerCheck=google_tag_manager["GTM-PN7ML7L"].macro(311);switch(bannerCheck){case "GNTL":var bannerCo="82344",magicID="315e9c",ePath="giantfood.com";break;case "GNTC":bannerCo="82345";magicID="697cf4";ePath="giantfoodstores.com";break;case "MRTN":bannerCo="82345";magicID="697cf4";ePath="martinsfoods.com";break;case "STSH":bannerCo="82346",magicID="e262b1",ePath="stopandshop.com"}var bannerPath=google_tag_manager["GTM-PN7ML7L"].macro(312);
if("/"===bannerPath||"/home"===bannerPath)var bannerPage="1",bannerPageName="homepage";else if(bannerPath.startsWith("/browse-aisles/categories/1/categories/")){var re=RegExp("categories/1/categories/\\d*/categories");if(re.exec(bannerPath)){bannerPage="3";bannerPageName="category";var bannerPageCat=google_tag_manager["GTM-PN7ML7L"].macro(314)}else{bannerPage="2";bannerPageName="department";var bannerPageDept=google_tag_manager["GTM-PN7ML7L"].macro(316);bannerPageCat=void 0}}else bannerPath.startsWith("/product/")?(bannerPage="5",bannerPageName=
"product detail"):("/cart"===bannerPath?(bannerPage="6",bannerPageName="cart page"):bannerPath.startsWith("/product-search/")?(bannerPage="7",bannerPageName="search results"):"Service Selection Modal"==google_tag_manager["GTM-PN7ML7L"].macro(317)&&""==google_tag_manager["GTM-PN7ML7L"].macro(318)&&"/cart"!=google_tag_manager["GTM-PN7ML7L"].macro(319)||"modal/service-type-selection-modal/pickup"===bannerPath||"modal/service-type-selection-modal/delivery"===bannerPath||"modal/service-type-selection-modal/instore"===bannerPath?(bannerPage="10",bannerPageName="store locator"):
"/past-purchases"===bannerPath?(bannerPage="17",bannerPageName="past purchases"):"/savings"===bannerPath?(bannerPage="18",bannerPageName="all specials"):bannerPath.startsWith("/pages/")?(bannerPage="19",bannerPageName="all splash pages"):"modal/service-type-selection-modal/serviceType"===bannerPath?(bannerPage="11",bannerPageName="shopping method"):"/registration/loyalty-success"===bannerPath?(bannerPage="941",bannerPageName="account signup"):bannerPath.startsWith("/account")?bannerPath.startsWith("/account/payment/")?
(bannerPage="21",bannerPageName="enter payment information"):(bannerPage="942",bannerPageName="account center"):(bannerPage="00",bannerPageName="general browsing"),bannerPageCat=bannerPageDept=void 0);window.dataLayer=window.dataLayer||[];window.dataLayer.push({event:"epsilon-visit-tag-values",epsilon:{epsilonBanner:bannerCo,epsilonTagPath:ePath,epsilonMagicID:magicID,epsilonPage:bannerPage,epsilonPageName:bannerPageName,epsilonDept:bannerPageDept,epsilonCat:bannerPageCat}});</script>
<script type="text/javascript" id="gtm-__utmzz-cookie-replicator">(function(g){function w(c){var e=["source","medium","campaign","term","content"];e=new RegExp("(utm_("+e.join("|")+")|(d|g)clid)\x3d.*?([^\x26#]*|$)","gi");c=c.match(e);var l;if(c){var a={};var b=c.length;for(l=0;l<b;l++)(e=c[l].split("\x3d"))&&(a[e[0]]=e[1])}return a}function x(c){if(c){var e={"daum.net":{p:"q",n:"daum"},"eniro.se":{p:"search_word",n:"eniro "},"naver.com":{p:"query",n:"naver "},"yahoo.com":{p:"p",n:"yahoo"},"msn.com":{p:"q",n:"msn"},"bing.com":{p:"q",n:"live"},"aol.com":{p:"q",n:"aol"},
"lycos.com":{p:"q",n:"lycos"},"ask.com":{p:"q",n:"ask"},"altavista.com":{p:"q",n:"altavista"},"search.netscape.com":{p:"query",n:"netscape"},"cnn.com":{p:"query",n:"cnn"},"about.com":{p:"terms",n:"about"},"mamma.com":{p:"query",n:"mama"},"alltheweb.com":{p:"q",n:"alltheweb"},"voila.fr":{p:"rdata",n:"voila"},"search.virgilio.it":{p:"qs",n:"virgilio"},"baidu.com":{p:"wd",n:"baidu"},"alice.com":{p:"qs",n:"alice"},"yandex.com":{p:"text",n:"yandex"},"najdi.org.mk":{p:"q",n:"najdi"},"seznam.cz":{p:"q",
n:"seznam"},"search.com":{p:"q",n:"search"},"wp.pl":{p:"szukaj ",n:"wirtulana polska"},"online.onetcenter.org":{p:"qt",n:"o*net"},"szukacz.pl":{p:"q",n:"szukacz"},"yam.com":{p:"k",n:"yam"},"pchome.com":{p:"q",n:"pchome"},"kvasir.no":{p:"q",n:"kvasir"},"sesam.no":{p:"q",n:"sesam"},"ozu.es":{p:"q",n:"ozu "},"terra.com":{p:"query",n:"terra"},"mynet.com":{p:"q",n:"mynet"},"ekolay.net":{p:"q",n:"ekolay"},"rambler.ru":{p:"words",n:"rambler"},google:{p:"q",n:"google"}},a=g.createElement("a"),b={};a.href=
c;-1<a.hostname.indexOf("google")&&(m="google");e[m]?(c=e[m],e=new RegExp(c.p+"\x3d.*?([^\x26#]*|$)","gi"),a=a.search.match(e),b.source=c.n,b.medium="organic",b.term=(a?a[0].split("\x3d")[1]:"")||"(not provided)"):m!==n&&(b.source=a.hostname,b.medium="referral");return b}}function u(c,a,b,d,f){c=c+"\x3d"+a+";";b&&(c+="Expires\x3d"+b.toGMTString()+";");d&&(c+="Path\x3d"+d+";");f&&(c+="Domain\x3d"+f+";");g.cookie=c}function q(a){var b="; "+g.cookie;a=b.split("; "+a+"\x3d");if(1<a.length)return a.pop().split(";")[0]}
function v(a){if(a){var b=g.createElement("a");b.href=a;try{return b.hostname.match(/[^.]*\.[^.]{2,3}(?:\.[^.]{2,3})?$/)[0]}catch(l){}}}var p=g.referrer,b={utmcsr:"(direct)",utmcmd:"(none)",utmccn:"(not set)"},r=g.location.hostname,n=v(r),m=v(g.referrer),k=q("__utmzzses");r=new Date(+new Date+15552E6);var a=g.location.search.replace("?",""),h=g.location.hash.replace("#","");a=w(a+"#"+h);var d=x(p);h=q("__utmz")||q("__utmzz");p=[];var t={utm_source:"utmcsr",utm_medium:"utmcmd",utm_campaign:"utmccn",
utm_content:"utmcct",utm_term:"utmctr",gclid:"utmgclid",dclid:"utmdclid"},f;k&&m===n&&(d=a=null);if(a&&(a.utm_source||a.gclid||a.dclid)){for(f in a)"undefined"!==typeof a[f]&&(k=t[f],b[k]=a[f]);if(a.gclid||a.dclid)b.utmcsr="google",b.utmcmd=b.utmgclid?"cpc":"cpm"}else if(d)b.utmcsr=d.source,b.utmcmd=d.medium,d.term&&(b.utmctr=d.term);else if(h)for(b={},h=h.split("|"),t=h.length,d=0;d<t;d++)k=h[d].split("\x3d"),a=k[0].split(".").pop(),b[a]=k[1];for(f in b)"undefined"!==typeof b[f]&&p.push(f+"\x3d"+
b[f]);u("__utmzz",p.join("|"),r,"/",n);u("__utmzzses",1,null,"/",n)})(document);</script>
<script type="text/javascript" id="">!function(b,e,f,g,a,c,d){b.fbq||(a=b.fbq=function(){a.callMethod?a.callMethod.apply(a,arguments):a.queue.push(arguments)},b._fbq||(b._fbq=a),a.push=a,a.loaded=!0,a.version="2.0",a.queue=[],c=e.createElement(f),c.async=!0,c.src=g,d=e.getElementsByTagName(f)[0],d.parentNode.insertBefore(c,d))}(window,document,"script","https://connect.facebook.net/en_US/fbevents.js");fbq("init","644428442669458");fbq("track","PageView");</script>
<noscript><img height="1" width="1" style="display:none" src="https://www.facebook.com/tr?id=644428442669458&amp;ev=PageView&amp;noscript=1"></noscript><iframe height="0" width="0" style="display: none; visibility: hidden;" src="https://10667307.fls.doubleclick.net/activityi;src=10667307;type=ssoth0;cat=ss_us002;ord=1;num=8196823884971;gtm=45He3280;gcldc=CjwKCAiArY2fBhB9EiwAWqHK6qx4UWYDU7G4V5OLCAmZiGvm-Qrs5Cd-3H6XiLPDc5ygPjzkjtfYcxoCohkQAvD_BwE;gclaw=CjwKCAiArY2fBhB9EiwAWqHK6qx4UWYDU7G4V5OLCAmZiGvm-Qrs5Cd-3H6XiLPDc5ygPjzkjtfYcxoCohkQAvD_BwE;gac=UA-1002630-32%3ACjwKCAiArY2fBhB9EiwAWqHK6qx4UWYDU7G4V5OLCAmZiGvm-Qrs5Cd-3H6XiLPDc5ygPjzkjtfYcxoCohkQAvD_BwE;auiddc=613524705.1673447452;u12=06851;u13=undefined;u16=false;~oref=https%3A%2F%2Fstopandshop.com%2Fproduct-search?"></iframe>

<script type="text/javascript" id="">fbq("track","ViewContent");</script>

<script type="text/javascript" id="" src="https://cdn.gbqofs.com/peapod/ss/detector-dom.min.js"></script><div style="width:0px; height:0px; display:none; visibility:hidden;" id="batBeacon933218517313"><img style="width:0px; height:0px; display:none; visibility:hidden;" id="batBeacon619485972428" width="0" height="0" alt="" src="https://bat.bing.com/action/0?ti=17397085&amp;tm=gtm002&amp;Ver=2&amp;mid=26752a42-6095-477d-82fd-173c992b5d19&amp;sid=b4dbaeb0a81b11ed9b6e6518fcae903b&amp;vid=8d495c8091bc11edb0bbf3aef4caad17&amp;vids=0&amp;msclkid=N&amp;pi=918639831&amp;lg=fr-FR&amp;sw=1440&amp;sh=900&amp;sc=24&amp;tl=Search%20Results%20%7C%20Stop%20%26%20Shop&amp;kw=home%20grocery%20delivery,%20home%20grocery%20shopping,%20grocery%20shopping%20from%20home,%20home%20grocery%20delivery%20service&amp;p=https%3A%2F%2Fstopandshop.com%2Fproduct-search&amp;r=&amp;lt=401&amp;evt=pageLoad&amp;sv=1&amp;rn=204150"></div><iframe height="0" width="0" style="display: none; visibility: hidden;" src="https://10667307.fls.doubleclick.net/activityi;src=10667307;type=ssoth0;cat=ss_us001;ord=4757944217344;gtm=45He3280;gcldc=CjwKCAiArY2fBhB9EiwAWqHK6qx4UWYDU7G4V5OLCAmZiGvm-Qrs5Cd-3H6XiLPDc5ygPjzkjtfYcxoCohkQAvD_BwE;gclaw=CjwKCAiArY2fBhB9EiwAWqHK6qx4UWYDU7G4V5OLCAmZiGvm-Qrs5Cd-3H6XiLPDc5ygPjzkjtfYcxoCohkQAvD_BwE;gac=UA-1002630-32%3ACjwKCAiArY2fBhB9EiwAWqHK6qx4UWYDU7G4V5OLCAmZiGvm-Qrs5Cd-3H6XiLPDc5ygPjzkjtfYcxoCohkQAvD_BwE;auiddc=613524705.1673447452;u12=06851;u13=2633;~oref=https%3A%2F%2Fstopandshop.com%2Fproduct-search?"></iframe>
<div style="display: none; visibility: hidden;"><script>Krux("ns:stopnshopdmp","page:load",function(a){},{pageView:!0});</script></div><script src="//se.monetate.net/js/2/a-771f4814/p/www.stopandshop.com/custom.js" type="text/javascript" async="" id="undefined"></script><div style="display: none; visibility: hidden;">

<script>window.dataLayer=window.dataLayer||[];
window.dataLayer.push({event:"clear-algorhytm",addToCartLocation:"",addToCartLocationdetail:"",addToCartType:"",removeFromCartLocation:"",removeFromCartType:"",expandClickLocation:"",transactionId:"",recommendationAlgorithm:"",modelId:"",invocationId:"",runId:"",personalizationImpressionFlag:"",dimension8:"",listType:"",dimension156:"","ecommerce.add.products.0.dimension156":"","ecommerce.detail.products.0.dimension156":"","ecommerce.remove.products.0.dimension156":"",dimension186:"",impressionLocation:"",
pageURL:""});</script>
</div><div style="display: none; visibility: hidden;">

<script>window.dataLayer=window.dataLayer||[];
window.dataLayer.push({event:"clear-algorhytm",addToCartLocation:"",addToCartLocationdetail:"",addToCartType:"",removeFromCartLocation:"",removeFromCartType:"",expandClickLocation:"",transactionId:"",recommendationAlgorithm:"",modelId:"",invocationId:"",runId:"",personalizationImpressionFlag:"",dimension8:"",listType:"",dimension156:"","ecommerce.add.products.0.dimension156":"","ecommerce.detail.products.0.dimension156":"","ecommerce.remove.products.0.dimension156":"",dimension186:"",impressionLocation:"",
pageURL:""});</script>
</div><script type="text/javascript" src="https://zn3f8e6tceotw1rnn-aholddelhaize.siteintercept.qualtrics.com/SIE/?Q_ZID=ZN_3f8e6TCEOtW1Rnn"></script><script type="text/javascript" src="https://zn3f8e6tceotw1rnn-aholddelhaize.siteintercept.qualtrics.com/SIE/?Q_ZID=ZN_3f8e6TCEOtW1Rnn"></script><script src="https://siteintercept.qualtrics.com/dxjsmodule/CoreModule.js?Q_CLIENTVERSION=1.84.0&amp;Q_CLIENTTYPE=web&amp;Q_BRANDID=aholddelhaize" defer=""></script><script src="https://siteintercept.qualtrics.com/dxjsmodule/CoreModule.js?Q_CLIENTVERSION=1.84.0&amp;Q_CLIENTTYPE=web&amp;Q_BRANDID=aholddelhaize" defer=""></script><script src="https://siteintercept.qualtrics.com/dxjsmodule/UserDefinedHTMLModule.js?Q_CLIENTVERSION=1.84.0&amp;Q_CLIENTTYPE=web&amp;Q_BRANDID=aholddelhaize" defer=""></script><script src="https://siteintercept.qualtrics.com/dxjsmodule/UserDefinedHTMLModule.js?Q_CLIENTVERSION=1.84.0&amp;Q_CLIENTTYPE=web&amp;Q_BRANDID=aholddelhaize" defer=""></script><div style="display: none; visibility: hidden;">

<script>window.dataLayer=window.dataLayer||[];
window.dataLayer.push({event:"clear-algorhytm",addToCartLocation:"",addToCartLocationdetail:"",addToCartType:"",removeFromCartLocation:"",removeFromCartType:"",expandClickLocation:"",transactionId:"",recommendationAlgorithm:"",modelId:"",invocationId:"",runId:"",personalizationImpressionFlag:"",dimension8:"",listType:"",dimension156:"","ecommerce.add.products.0.dimension156":"","ecommerce.detail.products.0.dimension156":"","ecommerce.remove.products.0.dimension156":"",dimension186:"",impressionLocation:"",
pageURL:""});</script>
</div><div style="display: none; visibility: hidden;">

<script>window.dataLayer=window.dataLayer||[];
window.dataLayer.push({event:"clear-algorhytm",addToCartLocation:"",addToCartLocationdetail:"",addToCartType:"",removeFromCartLocation:"",removeFromCartType:"",expandClickLocation:"",transactionId:"",recommendationAlgorithm:"",modelId:"",invocationId:"",runId:"",personalizationImpressionFlag:"",dimension8:"",listType:"",dimension156:"","ecommerce.add.products.0.dimension156":"","ecommerce.detail.products.0.dimension156":"","ecommerce.remove.products.0.dimension156":"",dimension186:"",impressionLocation:"",
pageURL:""});</script>
</div><div style="display: none; visibility: hidden;">

<script>window.dataLayer=window.dataLayer||[];
window.dataLayer.push({event:"clear-algorhytm",addToCartLocation:"",addToCartLocationdetail:"",addToCartType:"",removeFromCartLocation:"",removeFromCartType:"",expandClickLocation:"",transactionId:"",recommendationAlgorithm:"",modelId:"",invocationId:"",runId:"",personalizationImpressionFlag:"",dimension8:"",listType:"",dimension156:"","ecommerce.add.products.0.dimension156":"","ecommerce.detail.products.0.dimension156":"","ecommerce.remove.products.0.dimension156":"",dimension186:"",impressionLocation:"",
pageURL:""});</script>
</div><div style="display: none; visibility: hidden;">

<script>window.dataLayer=window.dataLayer||[];
window.dataLayer.push({event:"clear-algorhytm",addToCartLocation:"",addToCartLocationdetail:"",addToCartType:"",removeFromCartLocation:"",removeFromCartType:"",expandClickLocation:"",transactionId:"",recommendationAlgorithm:"",modelId:"",invocationId:"",runId:"",personalizationImpressionFlag:"",dimension8:"",listType:"",dimension156:"","ecommerce.add.products.0.dimension156":"","ecommerce.detail.products.0.dimension156":"","ecommerce.remove.products.0.dimension156":"",dimension186:"",impressionLocation:"",
pageURL:""});</script>
</div><div style="display: none; visibility: hidden;">

<script>window.dataLayer=window.dataLayer||[];
window.dataLayer.push({event:"clear-algorhytm",addToCartLocation:"",addToCartLocationdetail:"",addToCartType:"",removeFromCartLocation:"",removeFromCartType:"",expandClickLocation:"",transactionId:"",recommendationAlgorithm:"",modelId:"",invocationId:"",runId:"",personalizationImpressionFlag:"",dimension8:"",listType:"",dimension156:"","ecommerce.add.products.0.dimension156":"","ecommerce.detail.products.0.dimension156":"","ecommerce.remove.products.0.dimension156":"",dimension186:"",impressionLocation:"",
pageURL:""});</script>
</div><div style="display: none; visibility: hidden;">

<script>window.dataLayer=window.dataLayer||[];
window.dataLayer.push({event:"clear-algorhytm",addToCartLocation:"",addToCartLocationdetail:"",addToCartType:"",removeFromCartLocation:"",removeFromCartType:"",expandClickLocation:"",transactionId:"",recommendationAlgorithm:"",modelId:"",invocationId:"",runId:"",personalizationImpressionFlag:"",dimension8:"",listType:"",dimension156:"","ecommerce.add.products.0.dimension156":"","ecommerce.detail.products.0.dimension156":"","ecommerce.remove.products.0.dimension156":"",dimension186:"",impressionLocation:"",
pageURL:""});</script>
</div><div style="display: none; visibility: hidden;">

<script>window.dataLayer=window.dataLayer||[];
window.dataLayer.push({event:"clear-algorhytm",addToCartLocation:"",addToCartLocationdetail:"",addToCartType:"",removeFromCartLocation:"",removeFromCartType:"",expandClickLocation:"",transactionId:"",recommendationAlgorithm:"",modelId:"",invocationId:"",runId:"",personalizationImpressionFlag:"",dimension8:"",listType:"",dimension156:"","ecommerce.add.products.0.dimension156":"","ecommerce.detail.products.0.dimension156":"","ecommerce.remove.products.0.dimension156":"",dimension186:"",impressionLocation:"",
pageURL:""});</script>
</div><div style="display: none; visibility: hidden;">

<script>window.dataLayer=window.dataLayer||[];
window.dataLayer.push({event:"clear-algorhytm",addToCartLocation:"",addToCartLocationdetail:"",addToCartType:"",removeFromCartLocation:"",removeFromCartType:"",expandClickLocation:"",transactionId:"",recommendationAlgorithm:"",modelId:"",invocationId:"",runId:"",personalizationImpressionFlag:"",dimension8:"",listType:"",dimension156:"","ecommerce.add.products.0.dimension156":"","ecommerce.detail.products.0.dimension156":"","ecommerce.remove.products.0.dimension156":"",dimension186:"",impressionLocation:"",
pageURL:""});</script>
</div><div style="display: none; visibility: hidden;">

<script>window.dataLayer=window.dataLayer||[];
window.dataLayer.push({event:"clear-algorhytm",addToCartLocation:"",addToCartLocationdetail:"",addToCartType:"",removeFromCartLocation:"",removeFromCartType:"",expandClickLocation:"",transactionId:"",recommendationAlgorithm:"",modelId:"",invocationId:"",runId:"",personalizationImpressionFlag:"",dimension8:"",listType:"",dimension156:"","ecommerce.add.products.0.dimension156":"","ecommerce.detail.products.0.dimension156":"","ecommerce.remove.products.0.dimension156":"",dimension186:"",impressionLocation:"",
pageURL:""});</script>
</div><div style="display: none; visibility: hidden;">

<script>window.dataLayer=window.dataLayer||[];
window.dataLayer.push({event:"clear-algorhytm",addToCartLocation:"",addToCartLocationdetail:"",addToCartType:"",removeFromCartLocation:"",removeFromCartType:"",expandClickLocation:"",transactionId:"",recommendationAlgorithm:"",modelId:"",invocationId:"",runId:"",personalizationImpressionFlag:"",dimension8:"",listType:"",dimension156:"","ecommerce.add.products.0.dimension156":"","ecommerce.detail.products.0.dimension156":"","ecommerce.remove.products.0.dimension156":"",dimension186:"",impressionLocation:"",
pageURL:""});</script>
</div></body></html>

<script src="home.js"></script>